3066 5182
577 357 798 419 ..15-

210 553 252 618 Et
276 554 387 618 nescio
411 573 453 617 an
480 573 595 617 versus
619 552 815 616 aaa-527:

77 673 148 730 Kv.
166 663 267 740 ’θεὸς
292 663 360 729 div
384 663 477 751 ἀσκηῖ
500 664 572 738 πῶς
594 664 711 747 γέγηθ’
734 662 839 737 οἴκους
864 659 962 743 ι”χοιν,·

78 771 164 836 Ὀὃ.
207 763 292 836 ὅπου
316 772 399 867 τιθῇ
421 792 468 842 τις
492 769 613 834 ἐνθάδ’
639 768 728 834 ἔστιν
752 759 900 852 εὗπετης.

84 885 150 944 Κυ.
196 878 231 943 οὗ
254 877 328 955 τους
351 876 451 954 θεοὺς
473 880 555 963 χρῆν
579 879 658 959 σῶμ’
684 872 770 959 ἔχειν
793 875 830 940 ἐν
854 873 1011 962 δέρμασιν

86 1003 181 1047 cum
219 982 335 1066 primis
371 981 466 1046 mimi
501 981 611 1047 verbis
646 1001 840 1065 comparare
875 979 1043 1064 possimus
1078 977 1275 1042 scurrilitate

88 1087 214 1172 magis
252 1110 354 1173 quam
393 1109 514 1171 genere
553 1087 763 1151 distantibus
828 1085 981 1170 Denique
1021 1082 1274 1148 similitudinem

89 1195 225 1260 afferre
259 1196 356 1261 liceat
379 1216 438 1280 per
462 1215 496 1259 se
521 1195 691 1259 incertam.
748 1193 951 1277 Quicunque
976 1191 1127 1256 concedit
1157 1211 1211 1254 me
1235 1189 1276 1254 dc

91 1301 204 1364 mimi
225 1303 362 1388 prologo
386 1303 452 1387 (pg.
481 1301 531 1387 16)
567 1309 599 1365 et
633 1301 798 1365 derebus
834 1299 994 1364 scaenicis
1030 1300 1096 1382 (pg.
1125 1298 1176 1381 18)
1204 1318 1276 1382 pro-

90 1403 260 1475 babiliter
294 1409 499 1486 disseruisse,
525 1408 555 1472 ei
578 1407 732 1493 Cyclopis
757 1406 885 1491 prologi
912 1407 947 1470 in
983 1410 1130 1469 mentem
1155 1404 1275 1469 veniet.
1352 1466 1356 1473 ,

10 1596 12 1605 Ι
86 1507 140 1574 Ibi
178 1517 270 1580 enim
297 1515 447 1581 Silenum
473 1515 641 1600 querellas
673 1515 851 1579 facientem
884 1513 1051 1590 audimus
1084 1512 1276 1595 quodcum

83 1622 225 1700 satyris
250 1623 292 1687 ad
318 1624 460 1687 Aetnam
485 1628 682 1707 tempestate
706 1621 835 1686 delatus
852 1621 894 1684 sit

191 1749 226 1794 v.
245 1732 285 1794 ‘21
312 1735 350 1797 ἵν’
376 1737 405 1797 ol
428 1737 579 1816 μονάπες
603 1741 737 1796 ποντίου
760 1730 875 1803 παῖδες
900 1735 985 1795 θεοῦ

321 1839 498 1917 Κύκλωπες
522 1842 637 1905 οἰκοῦά
655 1832 746 1925 ἄντρ’
770 1836 859 1924 ἴρηηί
883 1833 1095 1925 ἀνδροκτόνοι

71 1937 105 1992 et
138 1936 188 2003 in
223 1966 322 2010 versu
347 1945 389 2009 85
412 1944 502 2009 idern
527 1943 708 2008 exclamat:

268 2054 334 2140 ἀροῖ
357 2047 438 2140 πράς
461 2053 575 2126 ἀκταῖς
600 2049 679 2125 ναάς
701 2049 855 2129 Ἑλλάδος
879 2051 1008 2136 σκάηος.

212 2158 279 2222 His
305 2158 481 2243 propositis
515 2179 614 2221 nemo
637 2157 705 2221 iam
735 2163 833 2240 neget
857 2156 981 2241 optimc
1006 2156 1076 2219 lieri
1100 2176 1207 2239 posse,
1245 2160 1281 2217 ut

59 2263 110 2362 {X
149 2256 225 2330 his
250 2287 385 2350 quoque
409 2265 533 2330 fabulis
558 2265 658 2328 modo
682 2265 829 2329 tractatis
846 2264 1036 2346 argumenti
1059 2284 1135 2347 pars
1159 2261 1280 2325 hausta

55 2361 124 2419 8η·-
205 2373 272 2437 Sed
291 2375 357 2437 iam
375 2372 418 2437 ad
436 2373 578 2437 mimum
600 2372 711 2456 ipsum
729 2370 1016 2456 interpretandum
1034 2368 1279 2452 aggrediamur.

575 3384 715 3486 Caput
742 3386 824 3466 lll.

544 3581 851 3649 Interpretatio.

220 3690 290 3754 Iam
317 3690 463 3754 vidimus
488 3688 662 3753 exordium
688 3709 758 3752 esse
783 3689 956 3765 amissum,
993 3687 1083 3770 quod
1117 3686 1284 3770 quemad

50 3776 251 3861 111Odum
269 3796 402 3860 initium
420 3816 536 3880 capere
554 3796 657 3879 possit
673 3795 744 3858 loco
761 3816 802 3858 ex
817 3793 999 3858 Heliodoro
1024 3792 1089 3879 (pg.
1116 3795 1179 3857 323
1192 3809 1217 3843 ³⁰
1232 3794 1286 3877 ὃἓν)

63 3894 234 3994 ‚Rusio
274 3903 448 3968 commode
487 3903 652 3966 illustrare
693 3923 881 3986 possumus.
944 3895 981 3965 Ὦ
1017 3899 1125 3989 πάσης
1163 3908 1287 3989 τροπῆς

46 3994 298 4089 αυάμεστον
315 4022 370 4075 καὶ
387 4012 689 4097 ἀσταθμητότατον
704 4011 802 4096 τύχης
820 4011 1038 4097 ἀνθρωπίνης
1050 4022 1169 4094 κίνημα
1186 4028 1191 4038 ·
1207 4006 1287 4092 ὅσην

47 4099 311 4207 ἰταῖίίρροιαν
334 4125 446 4183 κακῶν
470 4117 529 4184 ἐπί
549 4117 691 4184 τ’ἀλλιον
715 4116 753 4201 δή
780 4118 912 4182 πολλῶν
937 4113 1094 4193 πολλάκις
1128 4127 1183 4181 καὶ
1214 4123 1285 4181 κατ’

47 4209 195 4352 ἐμοῦ
220 4227 479 4309 πιηιιλοτίμησαι·
512 4236 666 4307 γένους
689 4232 769 4309 μὲν
799 4235 875 4289 καῖ
903 4229 1050 4298 οἰκίας
1079 4223 1286 4310 πατρῴας

60 4331 368 4422 ’σῖέρησαμ
417 4334 636 4420 πατρίδος
681 4334 728 4398 δὲ
772 4343 840 4397 καὶ
884 4327 1054 4409 πόλεως
1093 4342 1166 4395 καὶ
1205 4329 1288 4395 τῶν

50 4424 341 4507 φιλτάτιον
387 4439 609 4516 ἕξίνωσας
656 4445 889 4526 Αἰγυπτίᾳ
928 4465 977 4522 με
1016 4463 1141 4534 γη..
1187 4464 1288 4525 προ-

57 4533 90 4572 σ
111 4540 338 4625 (ὖκιιλας
378 4553 437 4609 etc.
468 4552 498 4608 et
523 4543 670 4608 Charitio
697 4544 946 4628 quaerimonias
971 4543 1115 4607 habente
1141 4543 1288 4608 vindices
