3066 5182
646 358 843 431 ³3-

154 568 300 645 utraque
325 582 496 625 summum
515 562 693 627 duodecim
718 563 918 655 centesimas
943 563 1040 628 metri
1064 572 1174 649 partes
1198 573 1328 650 aequat.

157 667 304 733 Primae
324 676 436 732 autem
474 669 651 734 columnae
689 669 725 733 in
760 685 858 735 versu
895 671 1037 756 septimo
1080 673 1174 736 cuius
1216 694 1332 737 versus
1395 723 1401 731 .

157 775 481 859 litteraepernovem
492 775 848 841 centesimasservatae
856 769 998 856 exstant,
1006 800 1083 843 cum
1098 778 1331 863 probabilitate

157 881 307 966 quadam
343 882 444 946 trium
487 882 692 968 reliquarum
728 884 988 948 centesimarum
1025 885 1171 970 spatium
1207 882 1332 970 expleri

157 995 277 1072 potest.
325 988 405 1052 Tres
422 996 534 1052 autern
553 990 754 1053 centesimae
776 989 933 1055 undecim
958 992 1028 1056 fere
1045 992 1170 1057 litteras
1195 993 1333 1077 capiunt

158 1102 190 1158 et
209 1116 269 1160 nos
293 1095 393 1159 huius
411 1117 527 1159 versus
551 1096 707 1181 lacunam
732 1096 847 1161 decem
872 1097 988 1162 litteris
1021 1095 1089 1184 (οὐκ
1113 1092 1194 1167 ἄνευ
1217 1098 1332 1186 θεῶν)

158 1202 379 1286 explevimus,
405 1223 472 1285 quo
489 1201 590 1266 modo
606 1203 741 1267 alterius
766 1210 797 1267 et
813 1203 928 1268 tertiae
945 1205 1122 1269 columnae
1139 1226 1331 1269 mensuram

158 1308 381 1393 assequimur.
429 1308 529 1372 Nunc
544 1316 657 1374 autem
682 1331 759 1373 cum
777 1331 893 1375 versus
912 1311 1053 1375 restituti
1077 1333 1225 1396 nusqum
1242 1312 1333 1376 hunc

158 1415 336 1479 duodecim
350 1415 608 1480 centesimarum
622 1415 761 1480 modum
779 1417 950 1495 excedant,
968 1417 1030 1482 hac
1043 1426 1190 1503 exparte
1203 1419 1332 1503 primae

158 1522 336 1586 columnae
354 1522 518 1586 restitutio
541 1544 610 1586 non
628 1523 788 1587 offendat.
836 1523 1055 1608 Reliquarum
1081 1532 1194 1589 autem
1211 1525 1332 1590 colum-

158 1650 281 1693 narum
300 1629 437 1693 lacunas
453 1629 586 1693 facilius
602 1629 834 1714 probabilibus
850 1631 1047 1695 coniecturis
1065 1632 1197 1716 explere
1221 1653 1333 1717 possu-

158 1757 247 1800 mus

106 1863 149 1986 {f
270 1878 367 1956 Quod
397 1879 597 1964 scripturam
622 1880 741 1944 attinet
764 1879 879 1944 dextra
904 1880 1027 1945 scheda
1062 1882 1334 1948 semiuncialibus

132 1976 138 1987 '
161 2007 249 2070 quae
266 1993 438 2064 vocantur,
464 1987 585 2071 scripta
603 1995 661 2062 est,
687 2008 763 2051 cum
789 1987 824 2050 in
853 2008 967 2052 versae
1000 1987 1142 2052 schedae
1166 1989 1335 2072 superiore

159 2100 254 2178 parte
283 2093 366 2158 duas
391 2095 564 2158 columnas
604 2075 832 2183 (Μοιχεύτριὰ)
872 2095 1086 2159 inveniamus
1127 2095 1242 2159 litteris
1266 2116 1335 2159 cur-

159 2201 242 2264 sivis
278 2201 427 2284 scriptae,
464 2201 588 2284 quibus
623 2208 743 2284 quarta
779 2201 882 2265 nostri
919 2200 1013 2264 mimi
1043 2201 1198 2265 columna
1223 2201 1335 2272 addita

161 2314 211 2371 est
242 2309 277 2372 ln
309 2308 358 2372 tte
389 2307 469 2391 style
501 2307 540 2391 of
568 2308 617 2372 tte
640 2314 732 2390 recto,
767 2315 804 2372 ut
828 2307 1067 2371 Britannorum
1104 2308 1214 2373 verbis
1251 2316 1335 2386 utar,

161 2415 230 2478 ond
252 2415 328 2479 wilt
352 2417 401 2479 the
429 2435 516 2478 some
547 2415 734 2491 charactera,
760 2417 884 2479 written
913 2417 948 2479 in
980 2437 1000 2478 o
1030 2415 1202 2480 somewbot
1233 2415 1337 2499 lorpes

161 2523 230 2585 and
261 2543 346 2586 more
379 2522 503 2606 coreful
541 2523 638 2600 land,
676 2523 730 2586 out
761 2522 917 2605 evidently
952 2523 991 2605 oy
1026 2522 1074 2586 tlte
1106 2543 1192 2586 suinae
1218 2542 1336 2603 person

162 2629 231 2692 wito
255 2648 323 2692 was
345 2629 540 2710 responsible
559 2628 615 2712 for
639 2628 687 2692 tite
707 2629 875 2712 forepot'op
898 2631 1000 2692 mima

106 2769 153 2864 tho·
269 2788 318 2852 De
353 2787 452 2852 rebus
487 2788 530 2852 ad
565 2787 839 2872 orthographiam
876 2789 1121 2872 pertinentibus
1157 2788 1226 2852 suis
1257 2788 1336 2853 locis

106 2855 144 2965 lii
163 2893 323 2959 disseram
348 2896 401 2979 (cf.
428 2895 557 2960 Winter
581 2917 658 2980 pgg.
688 2897 792 2981 149).

106 3123 158 3248 ,lgm
272 3145 361 3229 Sigla
385 3146 422 3210 in
445 3167 573 3231 papyro
597 3147 680 3211 haec
703 3155 864 3232 usurpata
889 3155 985 3211 sunt:

106 3268 157 3350 pli-
389 3281 423 3338 Α
512 3302 550 3326 -z
579 3271 765 3335 Charitium

106 3355 156 3392 Μ’
389 3387 421 3442 Β
514 3408 553 3432 =
580 3379 734 3463 stupidus

302 3523 303 3526 κ
388 3493 417 3550 Γ
512 3515 554 3539 --
578 3484 718 3549 Charitii
741 3487 844 3549 irater

388 3600 417 3657 Δ
514 3592 785 3674 :gubernator

387 3703 404 3777 ζ
512 3731 554 3755 =
579 3699 687 3763 socius
713 3698 916 3763 Graecorum

344 3822 346 3827 '
387 3812 455 3886 βασ
515 3837 558 3861 =
581 3803 738 3886 βασιλεύς

388 3941 448 3997 yvv
517 3945 557 3968 =
582 3910 662 4000 γυνή

390 4025 432 4087 αλ
516 4052 557 4074 =
583 4021 667 4108 ἄλλη

390 4137 419 4194 Ζ
436 4129 468 4230 li
581 4149 665 4212 quas
689 4149 848 4212 personas
872 4128 1060 4211 significent

390 4266 409 4310 ς
437 4231 449 4329 f
580 4236 744 4298 incertum
769 4242 825 4298 est.

388 4373 437 4409 κοι
516 4375 558 4397 2:
583 4350 675 4441 κοινῇ
697 4342 738 4425 (V.
765 4343 816 4415 30,
842 4342 893 4416 39,
919 4342 1049 4416 bodl,
1075 4342 1126 4417 82,
1153 4343 1204 4417 84,
1233 4342 1305 4420 104)

390 4454 409 4515 ἱ·
513 4481 555 4504 ==
580 4451 807 4535 τυμπανισμός

391 4559 489 4626 anot
514 4589 554 4610 =
580 4557 807 4642 τυμπανισμὸς
831 4553 933 4633 πολύς
957 4555 1022 4637 (68,
1048 4555 1099 4626 92,
1126 4552 1179 4638 95)

1096 4640 1125 4689 ι.
