3066 5182
107 3588 149 3641 de·

669 1641 810 1744 Caput
838 1643 873 1725 Ι.

549 1819 608 1875 De
628 1822 768 1875 textus
788 1819 981 1876 editione.

292 1927 468 1991 Britannos
499 1948 576 1991 cum
611 1928 645 1990 in
679 1928 815 2012 papyris
840 1928 989 2011 legendis
1021 1930 1183 2014 singulari
1207 1932 1357 2016 quodam

182 2034 308 2116 ingenii
333 2034 487 2098 acumine
516 2034 626 2098 valere
656 2040 728 2098 turn
753 2035 787 2097 in
812 2034 950 2098 edendis
980 2057 1116 2101 omnem
1147 2037 1355 2122 diligentiam

182 2147 213 2205 et
247 2140 447 2206 industriam
476 2141 635 2205 adhibere
659 2163 759 2205 nemo
788 2142 902 2219 nescit,
927 2163 1014 2226 quae
1045 2143 1117 2208 laus
1142 2165 1245 2228 quam
1270 2145 1356 2210 iuste

181 2247 227 2311 eis
245 2247 421 2325 tribuatur,
447 2248 550 2311 nostri
574 2269 710 2332 quoque
735 2248 830 2311 mimi
847 2247 991 2312 editione
1016 2251 1269 2334 comprobatum
1296 2259 1356 2316 est.

181 2353 252 2417 Etsi
277 2355 367 2418 enim
396 2375 414 2417 a
440 2354 661 2418 bibliothecae
685 2353 886 2418 Bodleianae
921 2355 1092 2434 directore,
1130 2358 1188 2439 qui
1223 2378 1357 2442 semper

181 2460 330 2525 maxima
358 2482 436 2544 erga
472 2482 525 2525 me
559 2460 756 2524 liberalitate
790 2460 957 2537 utebatur,
994 2462 1027 2524 in
1065 2462 1135 2526 loco
1172 2463 1354 2547 plurimam

180 2567 289 2632 lucem
314 2568 494 2652 praebente
518 2567 704 2632 collocabar
728 2574 759 2631 et
794 2589 853 2652 per
886 2589 1002 2632 omnes
1036 2568 1107 2633 dies
1131 2569 1260 2633 coelum
1285 2578 1356 2634 erat

181 2696 349 2752 serenum,
376 2682 489 2738 tamen
508 2674 655 2738 maxima
673 2695 772 2759 opera
799 2682 920 2739 navata
937 2674 1119 2739 admodum
1137 2697 1244 2760 pauca
1261 2677 1356 2741 aliter

179 2783 245 2866 legi
269 2790 370 2866 atque
395 2782 556 2846 Britanni.
604 2782 750 2859 Accedit,
776 2782 866 2865 quod
891 2783 1055 2866 scriptura
1072 2790 1129 2846 aut
1152 2789 1220 2846 tam
1246 2783 1354 2848 lucide

180 2889 324 2953 discerni
359 2896 477 2973 potest,
512 2896 549 2952 ut
584 2888 715 2970 singula
751 2888 853 2951 verba
888 2889 924 2950 in
960 2887 1102 2952 dubium
1138 2889 1249 2953 vocari
1285 2911 1352 2953 non

180 2997 319 3080 possint,
344 3004 402 3060 aut
425 3003 598 3079 tantopere
614 3001 663 3058 est
687 3001 852 3078 corrupta,
879 3001 915 3057 ut
929 2995 1107 3058 atramenti
1132 2995 1273 3076 vestigia
1297 2996 1353 3059 vix

180 3103 254 3168 elici
278 3103 406 3187 possint
430 3103 475 3186 (in
500 3102 560 3166 col.
585 3101 626 3164 ll.
660 3122 817 3165 versuum
844 3103 976 3166 52—60
1005 3101 1124 3179 exitus,
1150 3102 1184 3165 in
1208 3103 1268 3166 col.
1294 3102 1351 3166 Ill.

180 3231 245 3274 vss.
272 3211 423 3294 rar-83).
472 3208 536 3285 Sed
572 3209 729 3293 quamvis
765 3209 809 3271 ita
834 3229 885 3271 res
921 3229 955 3271 se
979 3208 1110 3281 habeat,
1148 3215 1261 3272 tamen
1286 3230 1350 3273 non

180 3317 252 3380 sino
275 3317 388 3381 fructu
403 3336 569 3401 papyrum
595 3315 705 3379 denuo
722 3315 949 3378 examinatam
967 3335 1039 3378 esse
1056 3322 1147 3398 puto.
1197 3314 1351 3398 Singulas

180 3430 292 3487 autem
317 3444 401 3507 quas
425 3423 540 3488 inveni
564 3422 714 3486 lectionis
738 3421 978 3506 discrepantias
1002 3422 1071 3484 suis
1096 3421 1175 3485 locis
1200 3422 1351 3486 afferam.

73 3516 179 3584 Papyri
288 3529 351 3593 Sed
385 3531 583 3624 priusquam
617 3528 658 3592 ad
692 3536 820 3592 textum
857 3527 1136 3593 conscribendum
1166 3528 1353 3611 aggrediar,

73 3636 226 3726 scriptiode
251 3636 368 3721 papyri
387 3637 505 3720 specie,
531 3637 635 3719 signis
652 3636 792 3719 aliisque
817 3634 974 3698 derebus
998 3654 1104 3719 pauca
1128 3636 1353 3718 praemittam.

287 3744 411 3807 Mimus
444 3752 555 3807 noster
587 3750 745 3826 quattuor
768 3741 932 3806 columnis
958 3741 1098 3805 traditus
1123 3750 1181 3814 est,
1207 3762 1357 3824 quarum

180 3852 212 3914 in
250 3851 381 3915 duabus
411 3851 577 3935 prioribus
612 3857 832 3913 numerantur
867 3850 909 3912 36
945 3869 1072 3924 versus,
1108 3849 1142 3911 in
1180 3847 1273 3911 tertia
1298 3850 1354 3926 35,

180 3959 212 4021 in
253 3961 450 4042 quartalli.
498 3957 541 4020 Et
564 3957 690 4040 priores
712 3954 847 4038 quidem
874 3962 939 4018 tres
964 3954 1140 4018 columnae
1165 3955 1198 4017 in
1233 3954 1355 4018 dextra

180 4066 298 4150 papyri
338 4064 460 4129 scheda
507 4070 647 4136 exstant,
688 4069 807 4144 quarta
846 4068 957 4124 autem
999 4063 1032 4124 in
1074 4061 1195 4125 scheda
1243 4082 1350 4125 versa.

180 4171 342 4235 Omnium
378 4171 610 4235 columnarum
650 4169 759 4252 prima
801 4169 946 4232 maxime
982 4175 1031 4232 est
1070 4167 1231 4244 mutilata,
1272 4189 1351 4231 cum

180 4279 288 4342 exitus
309 4286 439 4341 tantum
462 4298 619 4342 versuum
645 4277 767 4339 servati
792 4276 867 4339 sint.
922 4274 1034 4338 Huius
1065 4295 1142 4338 vero
1173 4273 1351 4338 columnae

180 4393 344 4469 quantum
369 4384 513 4448 deletum
533 4384 583 4453 sil,
609 4384 687 4446 satis
712 4390 800 4447 certo
821 4382 952 4446 decerni
971 4388 1086 4466 potest,
1112 4402 1188 4444 curn
1213 4380 1350 4444 alterius

179 4493 354 4556 columnae
368 4500 397 4556 et
415 4492 528 4555 tertiae
543 4491 753 4554 modulorum
769 4490 911 4553 rationes
924 4487 1189 4571 cognoverimus
1204 4507 1348 4568 quarum
