3066 5182
172 112 258 156 nave
282 92 438 158 advectos
467 113 539 157 esse
563 93 843 159 verisimillimum
869 100 927 158 est.
975 92 1061 157 Tum
1095 93 1226 159 ancoris
1249 90 1368 158 iacti

173 199 327 284 stupidus
351 200 384 262 in
410 221 564 263 scaenam
597 200 707 285 prodit
736 222 836 284 quem
869 202 935 264 iam
970 207 1046 265 ante
1072 201 1215 285 primam
1241 218 1369 285 quan

174 306 330 370 manibus
343 313 496 370 tenemus
513 328 667 371 scaenam
682 329 756 371 cum
773 307 919 371 Charitio
932 307 1141 372 confabulari
1155 306 1369 393 putandun

174 421 231 477 cst.
280 412 366 476 Nam
392 413 420 477 si
444 435 475 479 v.
499 410 544 477 44
567 413 704 478 demum
730 414 915 479 Charitium
940 415 975 478 in
1007 435 1162 479 scaenam
1188 414 1368 499 prodiret

174 541 246 583 sero
271 519 425 604 prodiret.
474 520 635 605 Stupidus
652 521 742 585 enim
768 543 866 586 versu
891 524 933 586 30
957 522 1159 600 exclamans,
1186 529 1369 611 Χαρίτιοι

175 625 333 716 σύνχαιρέ
344 656 400 712 μοι
416 630 587 715 λελυμένῳ
605 628 672 691 iam
690 629 772 692 scire
789 629 932 692 debebat
949 628 1135 693 Charitium
1153 628 1270 692 adesse
1293 622 1369 691 vel

175 735 208 798 in
234 734 359 819 templo
375 756 456 812 csso,
474 735 506 798 id
525 734 614 819 quod
639 735 702 798 nisi
720 735 906 800 Charinum
931 737 997 799 iam
1015 744 1112 800 antea
1130 736 1163 799 in
1189 749 1369 799 scaenam

176 840 351 925 prodierat,
370 841 452 905 scire
469 863 536 905 non
554 848 692 926 poterat.
729 841 1010 932 ,Ἀιάγνωρισμόςι
1027 842 1128 925 igitur
1151 841 1325 906 antecede
1333 855 1369 900 rt

176 947 327 1012 debebat.
376 947 439 1011 His
456 970 590 1032 quoque
607 947 647 1011 de
669 949 777 1012 causis
795 950 1008 1034 perspicuum
1027 970 1098 1013 esse
1115 948 1198 1013 mihi
1215 947 1369 1014 videtu

98 1053 102 1058 ’
177 1056 243 1118 iarn
268 1054 362 1119 initio
386 1053 570 1119 Charitium
597 1056 698 1119 verba
722 1057 850 1120 fecisse.
906 1057 975 1120 Noc
1009 1056 1120 1120 minus
1149 1055 1369 1140 postulatur

177 1170 213 1225 ut
237 1161 391 1246 stupidus
415 1183 501 1245 quae
526 1183 605 1226 suae
637 1162 703 1225 sint
733 1184 784 1227 res
809 1169 929 1240 narret,
966 1163 1007 1226 ad
1040 1183 1125 1247 quac
1148 1146 1362 1226 illustrand

177 1270 304 1353 optimo
320 1270 391 1332 iure
404 1290 457 1332 me
474 1269 593 1332 afferre
610 1269 717 1346 crede,
735 1291 821 1354 qnae
834 1269 1072 1355 Poppelreuter
1088 1269 1139 1352 (de
1156 1267 1369 1334 comoedia

179 1376 306 1439 Atticae
321 1374 510 1459 primordiis
528 1375 612 1439 Berl.
633 1377 729 1456 1893)
747 1377 779 1438 in
798 1397 852 1460 pg.
871 1378 911 1440 27
929 1377 1103 1460 exposuit„
1122 1375 1197 1459 Ipse
1213 1388 1369 1459 quoqu

178 1483 310 1546 invice
344 1481 634 1564 llrandohurgensi
671 1482 740 1548 vidi
774 1504 942 1567 puparurn
979 1488 1142 1567 apparatu
1177 1488 1369 1566 peracta!

179 1588 385 1652 comoediam
404 1588 611 1672 popularem,
638 1610 747 1673 quae.
769 1641 774 1652 .
795 1641 800 1652 .
827 1610 970 1672 magnae
988 1589 1070 1653 mihi
1089 1588 1254 1672 voluptati
1280 1601 1369 1652 er*

179 1716 288 1779 neque
313 1695 446 1779 planius
471 1695 560 1779 quod
595 1717 666 1759 eam
693 1696 853 1771 describo,
880 1696 1110 1779 quaestionem
1139 1695 1181 1759 ad
1207 1692 1331 1779 inepti
1350 1708 1369 1747 ε

180 1803 351 1866 deflectere
376 1801 459 1865 mihi
484 1802 606 1866 videor.
655 1802 819 1886 Casperle,
845 1823 945 1886 quem
969 1810 1100 1876 vocant,
1118 1802 1247 1877 sannio,
1273 1818 1347 1865 011

179 1909 317 1993 prologo
352 1909 593 1993 spectatoribus
618 1910 834 1992 exposuisset,
872 1910 947 1993 quis
972 1916 1066 1986 esset,
1102 1929 1170 1993 qua
1204 1908 1241 1971 in
1277 1927 1369 1971 cs)

181 2017 309 2079 dicione
334 2017 469 2091 viveret,
495 2016 656 2099 quoloco
689 2037 739 2079 res
763 2025 925 2100 ageretur,
962 2024 1033 2081 turn
1070 2016 1183 2100 procul
1210 2022 1320 2099 negot-
1350 2005 1369 2067 ί

181 2144 298 2207 capere
315 2123 460 2206 quietem
479 2123 541 2186 sibi
559 2144 630 2187 esse
654 2124 689 2186 in
713 2123 826 2186 animo
851 2123 944 2186 dixit.
993 2122 1089 2198 Quod
1108 2144 1184 2187 cum
1211 2121 1369 2187 vixdu-

182 2233 290 2293 lacere
320 2236 459 2314 pararet,
497 2229 721 2294 molestissimi
757 2229 907 2294 advenae
938 2235 1182 2315 apparuerunt:
1219 2235 1369 2293 exact:

182 2337 406 2419 vectigalium,
432 2337 571 2415 institor,
598 2337 737 2401 iudaeus
767 2338 949 2422 polonicus,
975 2336 1030 2400 alii
1066 2335 1137 2420 typi
1161 2335 1369 2420 populare

183 2442 1369 2528 quoscumsingulosadreipublieaestutumatqueadministrationi?

183 2550 345 2625 alludens,
370 2550 615 2634 aliquantulum
641 2551 800 2635 temporis
817 2551 961 2614 ludibrio
985 2550 1166 2628 habuisset,
1184 2556 1369 2634 postrerfl

185 2658 379 2722 verberibus
414 2659 636 2742 spectantium
677 2679 753 2721 cum
794 2659 862 2721 risu
897 2657 1045 2742 expulit’.
1086 2657 1227 2720 Etiamsi
1263 2655 1369 2719 eni!

185 2765 339 2849 stupidus
370 2765 423 2828 ille
453 2771 485 2828 et
509 2772 620 2828 noster
656 2765 830 2828 nonnihil
866 2765 951 2829 inter
986 2785 1020 2828 se
1045 2764 1215 2840 differunt,
1240 2770 1369 2826 tamt

186 2894 344 2957 personas
368 2873 457 2956 ipsas
481 2874 551 2936 fere
575 2873 708 2937 easdem
734 2894 804 2936 esse
822 2894 921 2936 nemo
946 2872 1081 2954 negabit
1098 2891 1207 2955 neque
1231 2870 1369 2933 ininr‘

186 2979 382 3043 concludere
412 3000 472 3042 nos
502 3000 599 3063 posse
635 2979 733 3043 credo
757 2986 907 3044 nostrum
935 2999 1069 3063 quoque
1105 2976 1278 3062 stupidum
1305 2992 1369 3040 ed

187 3087 347 3170 posuisse,
374 3086 458 3168 ,quis
482 3086 576 3149 esset'
600 3094 640 3163 et,
658 3087 775 3170 quain
793 3085 987 3150 condicione
1015 3085 1149 3150 viveret'
1176 3091 1207 3147 et
1231 3083 1369 3167 quibfl

188 3214 263 3256 cunr
300 3192 451 3256 hostibus
487 3214 556 3256 rem
592 3192 730 3257 haberet
765 3193 930 3277 quibusve
955 3191 1056 3255 armis
1087 3191 1235 3256 victurus
1271 3211 1369 3254 essa

188 3301 240 3386 (cf.
260 3299 448 3384 Dicaeopol.
475 3301 530 3363 Ar.
550 3301 630 3364 Ach.
649 3322 714 3365 vss.
742 3302 847 3364 1-39
863 3299 941 3385 ssq.)
988 3298 1100 3362 Prima
1117 3305 1229 3361 autern
1255 3297 1369 3362 verl;

189 3406 309 3470 tradita
333 3405 448 3492 lodda
472 3409 598 3494 πορδὴν
620 3405 715 3490 βάλε)
744 3406 897 3490 stupidus
922 3427 989 3469 non
1021 3405 1150 3469 locutus
1174 3409 1223 3467 est
1248 3424 1369 3487 neqif

190 3515 268 3578 satis
303 3520 451 3598 apparet,
487 3515 541 3577 cui
570 3535 731 3598 personae
767 3515 833 3577 sint
857 3512 1044 3589 tribuenda,
1081 3532 1184 3594 quam
1220 3509 1369 3594 quidet

191 3620 420 3705 quaestionem
447 3641 514 3683 non
531 3621 615 3684 tanti
640 3621 800 3684 momenti
825 3641 895 3684 esse
913 3627 1003 3704 pute.
1051 3618 1221 3682 Winterus
1246 3624 1369 3680 aute!

191 3729 255 3811 (db)
279 3766 321 3774 —
352 3727 501 3790 Britanni
538 3727 663 3811 primos
699 3749 814 3792 versus
849 3727 980 3791 silentio
1015 3725 1285 3810 praetermittunt
1320 3750 1369 3770 s

192 3835 300 3919 prima
325 3834 426 3898 verba
451 3834 573 3917 stupidi
606 3835 731 3898 socium
764 3833 932 3917 quendam
963 3833 1153 3916 loquentem
1186 3830 1277 3907 facit,
1304 3841 1370 3915 q!

193 3942 222 4004 ei
247 3949 342 4024 capto
367 3940 541 4003 consilium
567 3941 711 4024 pedendi
735 3940 799 4015 det,
829 3960 930 4022 quam
957 3938 1154 4002 sententiam
1187 3957 1241 4000 me
1266 3958 1369 4020 sequ

194 4069 261 4111 non
287 4068 382 4132 posse
414 4048 580 4112 confiteor.
637 4047 707 4112 Nec
732 4047 837 4129 magis
873 4046 955 4109 mihi
980 4044 1198 4130 persuadetur
1223 4044 1369 4107 fratrer„
