3066 5182
787 369 986 430 ..4-

567 563 614 629 id
703 593 744 618 =
769 575 993 650 τυμπανισμοὶ
1018 576 1116 631 πέντε
1141 562 1205 651 (87)

482 741 500 805 Ξ
536 744 555 807 τ
586 725 741 809 avani-2·
766 738 995 828 τιιμπανισμός
1019 742 1261 820 α’νατιαιστικός
1284 743 1376 826 (hilf)

558 870 658 935 κρουσ
700 880 742 902 ==
766 849 894 937 κροῦσις
918 847 982 934 (92)

560 959 643 1045 πορό
699 986 741 1009 --
766 953 871 1042 πορδή
896 955 959 1040 (39,
985 957 1036 1032 93,
1062 957 1137 1038 211)

475 1133 492 1173 >4
516 1062 640 1149 :iffi
696 1093 738 1116 =
763 1063 908 1150 κρόταλα

478 1191 496 1198 “
515 1186 602 1235 ⁹-
697 1217 739 1241 =
762 1187 908 1275 κρόταλα
932 1199 988 1252 καὶ
1012 1189 1110 1267 αὐλός
1134 1188 1197 1270 (39,
1222 1189 1273 1266 81,
1300 1188 1351 1261 82,
1377 1187 1431 1270 87)

515 1256 558 1275 Α

409 1329 458 1394 De
495 1331 599 1414 signis
635 1350 721 1413 quae
746 1329 808 1392 viri
843 1327 930 1392 docti
955 1329 1182 1392 disseruerunt
1217 1329 1250 1392 in
1276 1330 1472 1392 universum

302 1458 377 1500 cum
404 1444 491 1500 recta
515 1457 586 1501 esse
616 1456 780 1511 censeam,
805 1455 972 1518 perpauca
1009 1442 1140 1498 tantum
1175 1435 1257 1498 mihi
1282 1434 1473 1498 adnotanda

302 1549 389 1607 sunt.
441 1544 468 1627 1)
493 1542 662 1607 Winterus
698 1544 784 1626 (pag.
810 1541 864 1626 36)
898 1541 1024 1605 iudicat
1056 1541 1171 1605 litteris
1200 1549 1274 1616 qet
1299 1546 1316 1620 ζ
1339 1541 1472 1604 easdem

302 1670 461 1733 personas
491 1649 658 1732 designari
684 1657 714 1711 et
739 1669 854 1712 versae
871 1647 1012 1711 schedae
1035 1649 1260 1711 recensionem
1279 1648 1352 1711 ideo
1369 1647 1474 1710 videri

302 1759 425 1820 iactam
444 1777 524 1832 esse,
542 1763 578 1819 ut
595 1776 757 1839 personae
770 1784 789 1829 ς
804 1761 914 1838 partes
937 1754 1220 1838 amplificarentur
1236 1776 1312 1838 pgg.
1332 1755 1473 1818 30-38.

303 1862 412 1938 Quam
439 1863 638 1926 sententiam
669 1861 876 1946 probabilem
902 1883 967 1924 non
994 1882 1065 1925 esse
1089 1861 1155 1924 iam
1193 1861 1392 1925 videbimus.
1431 1863 1472 1923 ct.

302 1990 356 2053 pg.
382 1971 424 2033 28
441 1990 506 2052 ssq.
544 1968 608 2032 Sed
630 1956 715 2032 num
740 1966 838 2044 idern,
855 1967 895 2031 de
920 1968 1016 2050 signo
1041 1998 1059 2042 ς
1089 1975 1175 2032 recte
1204 1967 1395 2031 disseruerit
1420 1969 1472 2051 (cf.

303 2075 547 2154 Gardthausen,
566 2075 779 2139 Grieehische
797 2074 1038 2158 Palaographie
1054 2076 1137 2138 1879
1155 2096 1186 2158 p.
1205 2074 1280 2158 265)
1305 2074 1475 2137 diudieare

302 2203 369 2246 non
394 2182 511 2246 audeo.
568 2181 705 2245 Crusius
741 2187 837 2264 putat
872 2201 1030 2264 personas
1067 2180 1182 2244 litteris
1215 2190 1245 2247 Z
1254 2189 1340 2254 et:
1376 2182 1474 2262 signi-

302 2289 415 2352 ficatas
451 2309 521 2352 esse
557 2287 811 2363 semibarbaros
848 2286 904 2350 sed
941 2286 1023 2351 haec
1054 2308 1188 2370 quoque
1217 2288 1381 2351 sententia
1406 2309 1474 2350 non

302 2403 394 2458 extra
425 2394 669 2458 dubitationem
694 2393 801 2478 posita
837 2400 894 2456 est.
931 2394 974 2457 cf.
1004 2415 1058 2477 pg.
1084 2395 1136 2457 52.
1195 2393 1227 2479 2)
1252 2394 1290 2457 ln
1323 2402 1400 2457 nota
1426 2424 1475 2460 ιιι

302 2501 474 2565 tractanda
499 2522 725 2565 commemoro
751 2501 897 2584 primum
916 2499 1115 2564 Wesselium
1141 2500 1205 2565 hoc
1229 2501 1362 2584 signum
1388 2509 1475 2564 recte

302 2609 556 2691 interpretatum
594 2628 664 2671 esse
701 2607 805 2672 videri
842 2606 895 2692 (ct'.
922 2606 1090 2671 Denlrsch.
1116 2607 1146 2670 d.
1173 2606 1308 2671 Wiener
1334 2608 1394 2670 nl.
1420 2610 1473 2683 36,

307 2715 407 2780 1888ε
433 2714 647 2778 Griechisehe
671 2713 951 2798 Zauberpapyrus
974 2735 1037 2778 von
1063 2713 1155 2777 Paris
1181 2735 1211 2776 u.
1242 2713 1392 2787 houden,
1418 2736 1473 2798 pg.

302 2823 342 2885 37
358 2828 390 2885 et
403 2823 456 2904 39)
474 2830 505 2884 et
522 2819 623 2886 velim
639 2822 792 2885 conferas
810 2841 896 2904 quae
914 2820 954 2883 de
971 2820 1088 2884 eodem
1101 2820 1300 2904 compendio
1318 2821 1476 2884 Ki'ihnert

302 2927 352 3012 (R.
378 2927 422 2992 M.
451 2928 535 2991 1894
559 2949 613 3012 pg.
640 2927 693 3012 52)
717 2927 879 3011 exposuit.

409 3069 441 3156 3)
464 3069 564 3134 Vocis
589 3093 724 3137 αναπισ
745 3069 882 3132 alteram
908 3068 927 3132 l.
953 3098 974 3133 α
1000 3090 1067 3131 non
1098 3069 1235 3152 agnovi;
1262 3077 1408 3134 ceterum
1434 3070 1475 3134 ‹le

302 3176 418 3240 litteris
442 3200 507 3243 πισ
528 3176 559 3259 (l.
585 3200 605 3241 σ
627 3183 675 3238 est
711 3175 945 3259 superscripta)
981 3174 1126 3239 dubitari
1151 3197 1217 3240 non
1253 3184 1370 3261 potest,
1407 3199 1476 3261 quo

303 3285 399 3366 signo
444 3283 624 3365 significari
668 3285 901 3368 τυμττανισμόν
949 3284 1196 3349 ἀναπαιστικόν
1242 3293 1273 3346 et
1321 3283 1475 3346 Britanni

303 3391 367 3473 (pg.
393 3392 447 3470 ι’)4)
482 3396 513 3452 et
542 3389 680 3454 Crusius
716 3390 803 3473 (104)
838 3398 869 3452 et
895 3389 1064 3453 Winterus
1100 3389 1140 3474 (7,
1156 3391 1210 3474 40)
1247 3391 1473 3454 consentiunt.

304 3495 401 3571 Quod
427 3496 454 3559 si
479 3504 564 3560 recte
589 3496 772 3560 iudicatum
809 3508 866 3572 est,
903 3517 963 3580 pro
988 3520 1046 3562 αισ
1074 3497 1236 3579 scriptum
1267 3504 1316 3560 est
1346 3521 1388 3563 ισ.
1430 3500 1473 3561 cl'.

303 3601 447 3686 Mayseri
465 3601 603 3665 librum:
621 3602 843 3685 (Grannnatik
862 3603 920 3666 der
936 3602 1165 3684 griechischen
1184 3602 1305 3686 l'apyri
1330 3626 1390 3667 aus
1416 3604 1476 3667 der

303 3709 562 3787 Ptolemaerzeit,
599 3710 734 3794 Leipzig
773 3711 878 3792 1906),
910 3710 967 3793 qui
997 3730 1050 3792 pg.
1080 3711 1138 3772 107
1177 3710 1329 3794 exempla
1365 3713 1473 3776 affert.

303 3814 367 3879 Sed
392 3815 432 3878 de
457 3816 624 3880 vocalium
647 3817 832 3880 nudatione
849 3817 917 3879 iam
940 3823 1054 3899 postea
1072 3817 1232 3879 nonnulla
1259 3818 1358 3880 verba
1377 3826 1474 3881 erunt

302 3921 465 3986 facienda.
513 3922 576 4005 (vel
602 3947 735 3990 ανατιισ
756 3954 798 3978 =
823 3925 888 3989 ἄνα
914 3924 1040 4005 πέζντι)
1051 3923 1078 4006 1³)

409 4066 441 4146 4)
464 4063 514 4128 De
538 4064 589 4128 his
614 4065 746 4130 duobus
775 4066 878 4148 signis
903 4063 955 4151 t:
970 4063 1053 4152 et:
1074 4105 1084 4110 --
1103 4067 1139 4146 )¹)
1179 4089 1265 4151 quius
1304 4068 1473 4132 Winterus

410 4383 431 4450 ¹)
451 4381 563 4436 Orusius
582 4384 630 4436 has
649 4390 774 4437 notarum
794 4385 989 4451 explicationes
1009 4387 1042 4439 ad
1063 4390 1094 4453 ζ
1115 4387 1222 4439 scribit:

517 4473 548 4492 υ

516 4518 549 4539 Λ
604 4497 639 4514 =
657 4489 741 4539 pausa
760 4475 901 4540 loquendi3
922 4476 1038 4528 actionis
1058 4477 1228 4542 nrusieaeque
1249 4477 1358 4528 initium

516 4564 584 4628 ζ-
605 4585 640 4603 =
659 4577 743 4628 pausa
761 4562 856 4616 maior.
