3126 5190
551 371 772 433 ..15-

184 565 226 630 Et
249 566 361 631 nescio
384 585 427 629 an
453 586 568 630 versus
593 565 788 630 eas-527:

70 675 241 752 Κο.’θεδς
265 675 334 741 δ’ἕν
357 676 450 764 ἀσκηῖ
474 677 545 752 πῶς
568 679 685 760 γέγηθ’
708 676 813 752 οἴκους
837 673 936 758 λ’χοιν;

70 783 142 847 Ὀδ.
180 776 266 848 δπον
289 785 372 879 τιθῇ
394 805 442 855 τις
466 782 586 847 ἐνθάδ’
612 781 702 847 ἔστιν
725 773 873 867 εδπετής.

71 896 131 955 Κτ.
168 890 204 956 οὐ
228 889 301 968 τοδς
325 889 424 967 θεοὺς
447 892 529 976 χρῆν
552 892 632 972 σῶμ’
658 886 743 973 ἔχειν
767 889 803 955 ἐν
827 887 984 977 δέρμασιν

70 1017 154 1059 cum
191 995 307 1080 primis
344 995 439 1058 mimi
475 995 585 1059 verbis
620 1015 813 1079 comparare
848 994 1016 1079 possimus
1052 993 1248 1057 scurrilitate

71 1102 186 1185 magis
225 1122 326 1185 quam
366 1122 487 1184 genere
526 1100 737 1165 distantibus.
801 1101 954 1184 Denique
994 1098 1247 1164 similitudinem

70 1209 198 1272 afferre
233 1208 328 1273 liceat
352 1229 411 1293 per
435 1229 469 1272 se
494 1208 664 1272 incertam.
721 1207 924 1292 Quicunque
948 1206 1100 1271 concedit
1131 1205 1249 1270 mede

72 1315 174 1379 mimi
198 1316 335 1400 prologo
359 1316 425 1400 (pg.
453 1314 504 1400 16)
540 1322 572 1378 et
606 1315 771 1379 derebus
807 1314 967 1379 scaenicis
1003 1315 1068 1398 (pg.
1098 1314 1149 1397 18)
1178 1334 1249 1398 pro-

72 1421 233 1486 babiliter
267 1421 471 1500 disseruisse,
498 1421 527 1484 ei
551 1420 705 1507 Cyclopis
730 1421 858 1506 prologi
885 1421 920 1484 in
956 1426 1103 1485 mentem
1128 1420 1248 1485 veniet.
1324 1482 1329 1489 ,

71 1528 128 1593 Ibi
154 1529 243 1593 enim
270 1528 420 1593 Silenum
446 1528 609 1612 querellas
646 1529 824 1593 facientem
856 1528 1024 1605 audimus,
1056 1527 1146 1611 quod
1172 1549 1249 1591 cum

72 1635 199 1719 satyris
223 1635 265 1699 ad
290 1636 433 1700 Aetnam
459 1643 655 1720 tempestate
679 1635 807 1700 delatus
825 1634 867 1699 sit

167 1764 200 1808 v.
218 1744 256 1806 ‘21
284 1747 323 1810 ἵν’
348 1749 377 1809 ol
400 1749 552 1829 μονῶπες
576 1755 710 1810 ποντίου
733 1745 848 1818 παῖδες
872 1750 958 1809 θεοῦ

294 1852 471 1929 Κύκλωπες
494 1856 609 1919 οίκοῦσΙ
628 1846 718 1939 ἄντρ’
743 1851 831 1939 ἴρημ’
856 1848 1068 1940 ἀνδροκτόνοι

71 1964 107 2020 et
133 1957 169 2021 in
196 1977 294 2021 versu
319 1957 361 2021 85
385 1957 474 2021 idem
499 1957 681 2021 exclamat:

241 2066 307 2151 δρῶ
329 2060 410 2152 πρδς
433 2066 548 2138 ἀκταῖς
572 2063 651 2138 ναδς
673 2063 827 2143 Ἑλλάδος
852 2066 980 2151 σκάφος.

187 2169 252 2235 His
277 2171 454 2255 propositis
487 2192 586 2235 nemo
610 2171 677 2234 iam
706 2179 805 2254 neget
829 2171 953 2257 optime
978 2171 1049 2234 lieri
1072 2191 1179 2255 posse,
1217 2176 1253 2233 ut

69 2300 116 2341 ex
143 2277 199 2341 hie
222 2298 357 2361 quoque
381 2278 505 2342 fabulis
531 2278 630 2342 modo
655 2280 801 2342 tractatis
818 2279 1008 2361 argumenti
1031 2299 1107 2362 pars
1131 2277 1252 2341 hausta

68 2387 126 2448 sit.
181 2383 244 2447 Sed
263 2385 330 2448 iam
348 2384 390 2448 ad
407 2386 550 2449 mimum
572 2386 683 2470 ipsum
701 2385 987 2470 interpretandum
1006 2384 1251 2468 aggrediamur.

546 3398 686 3500 Caput
713 3400 795 3481 lll.

514 3595 821 3663 Interpretutio.

191 3703 260 3766 Iam
288 3702 433 3767 vidimus
459 3702 633 3766 exordium
658 3724 729 3767 esse
753 3703 926 3780 amissum,
963 3702 1054 3786 quod
1088 3723 1186 3786 quem
1213 3702 1255 3766 ad

77 3808 221 3874 modum
239 3809 372 3872 initium
390 3830 506 3893 capere
524 3811 627 3893 possit
644 3809 714 3874 loco
731 3831 773 3873 ex
787 3809 969 3874 Heliodoro
995 3810 1060 3895 (pg.
1086 3811 1150 3873 323
1163 3825 1188 3859 ³⁰
1203 3809 1256 3893 ὃν)

76 3918 205 3981 hausto
243 3915 418 3980 commode
457 3916 622 3980 illustrare
662 3938 851 4000 possumus
914 3911 952 3980 Ὦ
987 3915 1095 4004 πάσης
1133 3924 1257 4005 τροπῆς

76 4021 268 4108 ἀνάμεστον
284 4035 340 4088 καὶ
357 4026 659 4112 ἀσταθμητότατον
674 4025 772 4111 τύχης
790 4027 1008 4111 ἀνθρωπίνης
1020 4037 1139 4108 κίνημα
1156 4045 1161 4054 ·
1177 4022 1257 4108 ὅσην

78 4133 281 4220 παλίρροιαν
303 4139 416 4197 κακῶν
440 4130 499 4197 ἐπί
519 4131 661 4199 τ’ἀλλων
686 4131 723 4217 δὴ
750 4135 882 4198 πολλῶν
907 4128 1063 4208 πολλάκις
1098 4143 1153 4198 καὶ
1184 4139 1256 4197 κατ’

77 4241 166 4324 ἐμοῦ
190 4241 449 4323 πιφιλοτίμησαι·
482 4250 635 4320 γένους
659 4247 740 4323 μὲν
769 4249 845 4305 καὶ
873 4245 1019 4316 οἰκίας
1048 4240 1257 4327 πατρῴας

76 4346 337 4434 ἐστέρησας,
387 4349 606 4434 πατρίδος
651 4348 697 4412 δὲ
741 4359 810 4412 καὶ
854 4344 1024 4426 πόλεως
1062 4357 1135 4412 καὶ
1175 4346 1259 4412 τῶν

76 4453 310 4540 φιλτάτων
356 4453 579 4530 ἕξίνιοσας
625 4460 859 4542 Αἰγυπτίᾳ
897 4481 947 4538 με
986 4479 1110 4550 νη..
1156 4480 1258 4543 προ-

76 4561 167 4629 cclx
182 4562 308 4638 ειλας
347 4567 406 4623 etc.
437 4566 468 4622 et
493 4558 640 4623 Charitio
666 4560 915 4643 quaerimonias
940 4558 1084 4623 habente
1110 4560 1258 4625 vindices
