3066 5182
657 357 876 420 ..25..

181 547 211 612 V
236 550 256 611 2
284 553 346 613 114
370 549 488 634 αἠὄίος
512 554 621 635 λέγοις.
680 551 744 616 Sed
775 552 808 615 id
833 574 968 636 quoqne
993 552 1063 616 fieri
1088 560 1205 637 potest,
1233 559 1269 616 ut
1292 560 1360 616 sti,

182 655 279 738 pidus
307 656 525 721 lnrrbarornm
552 659 662 722 verbis
688 660 820 742 magnis
845 682 920 723 curn
939 659 1087 742 gestibus
1112 660 1360 723 saltationibn=

181 784 246 846 que
281 764 416 847 prolatis
451 767 642 848 perterritus
677 767 840 830 exclamet
874 761 907 838 οἷ,
936 769 980 853 μή
1007 768 1140 855 οήδίον,
1166 765 1360 835 παύσασθ’.

180 884 215 936 τί
228 889 360 937 ποιοῖτε,
409 872 494 935 Nam
514 873 546 936 in
566 874 784 958 sequentibus
802 897 937 959 quoqne
962 876 1124 952 versibus,
1151 875 1237 938 actio
1254 895 1332 958 quar

181 984 296 1061 topere
320 980 390 1042 fieri
417 988 524 1063 potest
547 982 670 1062 agitata
696 982 871 1045 statuenda
899 990 956 1045 est.
1006 982 1178 1045 Postremo
1203 983 1360 1064 (to—St,

181 1084 335 1168 stupidus
360 1108 496 1170 (tuoque
521 1087 622 1151 verba
647 1109 747 1151 sensu
778 1090 922 1152 carentia
947 1091 1084 1173 profert,
1111 1089 1235 1172 quibus
1269 1106 1360 1171 speci

181 1198 325 1255 tatorum
360 1193 491 1257 animos
529 1216 651 1277 magno
687 1195 810 1275 gaudio
846 1218 922 1259 enm
960 1197 1112 1260 affecisse
1147 1194 1347 1259 crediderim

181 1319 265 1381 quos
290 1299 331 1361 ad
357 1321 473 1363 versus
502 1302 650 1365 Britanni
682 1301 858 1378 adnotant;
891 1303 930 1383 If
958 1303 1006 1366 tire
1034 1304 1224 1366 attriinrtioo
1256 1302 1297 1384 of
1320 1306 1360 1364 75

181 1406 248 1468 cnut
287 1411 420 1470 79-80
460 1413 487 1470 to
526 1407 559 1470 B
594 1410 621 1471 is
656 1422 778 1490 correct,
815 1410 851 1473 ire
885 1432 959 1491 οοορ
996 1411 1039 1470 bn·
1067 1410 1226 1490 supposed
1261 1413 1290 1471 to
1328 1409 1360 1471 Ire

183 1513 383 1576 arrrboldrnrd
411 1515 439 1597 ορ
482 1515 530 1578 rte
554 1517 760 1598 conoioirrtitrj
791 1517 830 1600 of
857 1518 905 1580 tite
937 1517 1133 1579 barbotinus
1164 1522 1191 1580 to
1225 1516 1360 1578 nddr'rss

182 1618 262 1681 tlrcnr
301 1621 337 1683 io
375 1643 395 1682 o
438 1623 651 1704 rrrconinqirss
682 1624 804 1705 jnrooo
844 1624 994 1687 intended
1037 1628 1064 1686 lo
1109 1625 1234 1686 inritata
1279 1622 1360 1685 their

187 1724 360 1808 lrrnynnyef
425 1726 578 1791 Ceterum
605 1729 670 1792 iam
697 1751 923 1794 commemoro
953 1731 1055 1793 semel
1092 1751 1145 1792 me
1181 1750 1299 1793 vocem
1329 1729 1360 1791 in

185 1859 260 1916 οομο
296 1833 501 1917 desinentem
539 1836 773 1900 invenissent.
813 1839 936 1901 notices
961 1845 999 1928 ,et
1033 1838 1169 1900 extraits
1202 1858 1257 1920 pg.
1295 1837 1360 1898 23⁶2

188 1946 366 2026 Ἰἀχνοομι.

291 2103 328 2167 Ιι]
365 2105 518 2169 versibus
553 2106 699 2190 denique
731 2108 861 2170 ati-ao
886 2106 986 2169 deum
1025 2105 1076 2168 vel
1112 2105 1208 2168 dcam
1246 2105 1360 2167 vocari

185 2212 245 2274 etsi
262 2213 441 2276 verisimile
459 2222 517 2290 est,
543 2221 656 2276 tamen
681 2213 790 2276 Crusii
814 2213 1041 2280 avsvrzveni
1067 2213 1120 2295 (cf.
1148 2212 1254 2274 Plaut.
1283 2211 1360 2273 Aul,

184 2319 249 2382 394
274 2319 402 2403 Apollo
428 2342 562 2404 quaeso,
588 2321 741 2401 subveni)
767 2343 833 2383 non
859 2319 939 2383 satis
963 2320 1132 2383 firmatum
1170 2339 1242 2382 esse
1274 2317 1360 2379 mihi

184 2425 324 2490 videtur.
366 2427 483 2510 Neque
509 2428 614 2509 magis
640 2427 727 2489 idem
755 2426 837 2489 mihi
862 2426 1049 2510 persuadet
1073 2425 1188 2488 litteris
1213 2450 1360 2512 αροιμαν

184 2534 225 2596 86
260 2527 475 2622 Ἀρειμάνιον,
501 2534 599 2597 deum
638 2534 826 2609 Persarum,
853 2534 1042 2616 significari,
1067 2554 1142 2595 curn
1162 2553 1179 2594 e
1196 2538 1360 2614 sequente

182 2661 280 2703 versu
307 2662 548 2723 cognoscamus
566 2641 628 2704 boc
656 2641 726 2705 loeo
751 2640 847 2704 deam
873 2640 1003 2703 Lunam
1045 2639 1115 2702 coli.
1168 2638 1360 2702 Hnltzschii

182 2754 293 2811 autem
321 2747 394 2824 ,den
421 2747 547 2811 Becher
563 2756 718 2830 getrcnnt
734 2769 936 2830 genommen
964 2746 1032 2809 und
1058 2746 1198 2809 bedeckt
1221 2745 1360 2808 habend

183 2853 288 2917 narde
325 2854 378 2917 ich
411 2854 507 2918 Wcin
534 2862 688 2936 gotrennt
712 2855 868 2918 nehmen‘
902 2854 1047 2937 recipcre
1072 2874 1139 2915 non
1165 2873 1360 2936 possumus

183 2960 244 3023 nisi
282 2961 515 3044 mimographo
551 2970 663 3024 nostro
688 2982 786 3023 omne
811 2961 984 3042 ingenium
1010 2959 1255 3023 abiudicamus

290 3104 536 3188 Reputantibus
550 3105 650 3185 igitur
663 3104 813 3184 lingnam
833 3104 1010 3166 barbaram
1027 3103 1211 3164 maximam
1227 3109 1360 3184 partem

180 3211 356 3275 obscuram
382 3211 529 3274 relictam
554 3232 625 3274 esse
650 3211 746 3274 nobis
770 3210 997 3274 confitendum
1024 3217 1072 3272 est
1088 3217 1119 3272 et
1144 3209 1223 3272 satis
1250 3209 1360 3303 hatieo

180 3317 427 3381 demonstrasse
467 3319 513 3381 eis
554 3318 663 3391 rebus,
704 3339 788 3402 quas
828 3317 1046 3380 Hultasehius
1085 3324 1117 3379 et
1153 3315 1292 3380 Crusins
1328 3325 1360 3381 et

182 3425 217 3488 W
225 3425 352 3488 interus
377 3425 569 3499 attulerunt,
596 3425 902 3508 interpretationem
929 3446 996 3486 non
1022 3423 1210 3507 procedere.

287 3586 429 3650 Versum
457 3587 498 3650 90
524 3585 752 3649 Sudhausium
786 3586 816 3667 (l.
843 3607 868 3648 c.
896 3607 926 3669 p.
952 3586 1029 3668 265)
1062 3592 1148 3648 recte
1174 3584 1359 3648 restituisse

180 3715 239 3776 pro
263 3701 351 3756 certo
387 3695 456 3756 fere
481 3693 675 3756 habendum
713 3701 761 3755 est
796 3694 848 3772 (cf.
877 3691 1012 3754 Sueton.
1039 3691 1154 3755 Ootav.
1181 3694 1232 3765 99,
1268 3713 1356 3755 com.

177 3801 242 3864 Au.
269 3802 331 3882 frg.
364 3800 421 3876 HI,
460 3822 490 3883 p.
517 3803 582 3862 aad
616 3798 734 3883 (Kock)
770 3801 845 3865 δότε
880 3797 996 3886 κρότον
1032 3807 1063 3863 et
1088 3799 1197 3883 Copae
1235 3821 1264 3862 V.
1303 3801 1356 3879 4)ῑ

174 3909 288 3974 Ἰνδῶν
314 3911 348 3974 δὲ
375 3906 494 3994 πρόμοι
520 3909 602 3988 πρὸς
626 3906 800 3993 ἶορόθρονν
824 3908 897 3972 δότε
917 3907 1043 3994 [κρότον
1067 3908 1179 3973 αὐλόν.
1208 3906 1355 3983 decedi,

177 4015 266 4098 quod
292 4015 327 4077 in
353 4014 518 4077 similibus
536 4013 776 4089 occasionibus
796 4012 884 4095 quod
904 4033 983 4075 voce
1008 4011 1122 4095 κρότος
1146 4012 1356 4095 significatur

176 4143 354 4205 nunqnam
393 4124 462 4184 fere
498 4143 564 4183 non
603 4127 893 4195 commemoratur,
931 4127 968 4182 ut
1002 4119 1155 4203 exempla
1191 4120 1353 4183 afferam:

175 4227 306 4291 Heliod.
332 4230 446 4292 27125:
481 4224 516 4293 cO
540 4235 601 4309 μὲν
632 4220 690 4294 οὖν
715 4223 812 4312 ὕμνος
835 4227 917 4324 τῇδέ
933 4255 978 4324 πῃ
1004 4239 1167 4293 ortamno
1201 4227 1355 4292 καθόσον

174 4335 237 4420 ἔχω
273 4333 556 4422 διαμνημονεύειν.
609 4341 771 4400 Τοσοῦτον
796 4337 835 4398 ds‘
858 4362 888 4398 τι
924 4336 1098 4419 ἐμμελείας
1135 4333 1252 4420 οτοριῆν
1287 4351 1354 4411 τοῖς

173 4459 276 4529 χοροῖς
300 4455 355 4508 καὶ
380 4439 461 4510 οὗτοι
481 4445 672 4523 συμβαίνοντ’
698 4436 714 4505 ri
739 4439 894 4527 κρότος
919 4450 995 4508 τοῦ
1019 4439 1220 4524 βήματος
1243 4439 1354 4528 πρός

174 4549 216 4618 το
250 4553 381 4636 μέλος
406 4551 722 4638 ἐρρυθμίζοτο.
750 4547 825 4611 Hel.
844 4548 918 4623 272,
937 4547 1046 4611 38843.
1074 4548 1129 4610 Ar.
1155 4568 1225 4609 ran.
1255 4549 1350 4611 1029.
