3066 5182
763 81 983 145 ,24-

289 275 425 360 quidem
464 298 515 340 me
552 277 666 342 iuvare
703 299 769 340 non
795 299 891 361 posse
927 278 1101 341 consessus
1125 277 1362 342 Hultaschium
1399 277 1524 341 sier

290 404 424 466 querque
461 406 526 447 non
564 380 763 468 persmulere
799 406 852 448 me
876 385 1049 448 certiorem
1085 386 1173 449 lecit.
1228 395 1349 468 Acpev
1372 385 1524 449 enirn:-

291 491 343 554 vel
376 494 483 576 (lupae
507 491 541 554 in
566 492 686 554 rnrallm
709 500 752 570 *et
777 521 896 559 uacca
921 492 953 554 in
980 493 1057 556 liuhi
1087 493 1179 556 nullo
1205 493 1304 557 modo
1341 482 1524 556 mutar]

292 620 388 683 posse
426 620 533 681 neque
569 620 603 661 se
644 598 844 680 intellegere,
881 621 948 682 quo
988 600 1059 663 iure
1098 599 1316 664 Hultzsehius
1353 586 1524 683 eloqui

293 706 397 789 possit
425 705 499 768 »Bis
524 705 656 769 hierher
672 706 794 786 glaube
818 706 870 770 ich
896 708 957 769 aat'
979 708 1098 770 festem
1119 707 1230 771 Boden
1248 729 1288 770 au
1313 707 1498 771 stehen«,

295 811 386 874 lelem
414 811 520 875 Plauti
548 812 732 876 l'oenulum
765 813 981 897 comparandi
1013 835 1113 878 eausa
1138 815 1236 878 affert
1266 823 1297 878 et
1328 813 1490 877 adnotat:

294 918 358 983 illis
390 919 596 1003 temporibus
622 920 727 985 multo
752 920 863 1004 plures
888 921 1001 998 tuisse,
1034 921 1091 1005 qui
1117 921 1304 985 Poenorum
1332 921 1479 1004 liuguae

295 1027 391 1110 periti
416 1027 550 1103 fuerint,
578 1048 638 1090 uec
673 1034 785 1090 tamen
823 1049 883 1090 nes
919 1048 957 1091 ea
982 1028 1082 1092 verba
1114 1027 1239 1092 Punica
1265 1029 1470 1111 intellegere.

296 1133 347 1197 aa
374 1134 434 1197 has
458 1155 575 1198 causas
599 1134 734 1211 accedit,
760 1134 850 1218 quor]
876 1156 962 1218 <luae
980 1135 1197 1200 Hultasehius
1221 1136 1376 1220 exposuit
1400 1157 1472 1199 nen

297 1263 455 1324 umgaam
471 1242 539 1304 vim
553 1241 687 1317 hebent,
706 1264 782 1306 cum
802 1242 911 1305 verbis
927 1249 1061 1328 βραθις,
1085 1251 1130 1322 ιίς
1145 1246 1280 1330 pectora
1304 1241 1474 1328 λάχωμεν,

297 1352 456 1434 λάχωμεν,
482 1356 569 1437 litet»
593 1354 672 1435 fleon
698 1350 731 1411 in
756 1350 932 1433 perpaucis
968 1350 1120 1413 versibus
1156 1351 1263 1414 sexies
1292 1350 1380 1413 irlem
1409 1351 1474 1432 (ge-

298 1458 420 1536 trennt)
457 1457 670 1536 significetur.
719 1455 803 1531 Quis
835 1463 946 1520 autem
983 1458 1124 1541 estqui
1160 1457 1242 1522 hace
1275 1465 1362 1521 recta
1399 1478 1475 1520 esse

298 1566 418 1648 putet?
465 1564 513 1626 ha
538 1564 628 1626 enim
659 1584 692 1628 re
724 1563 796 1626 siue
821 1562 923 1627 dubio
948 1571 1148 1647 spectatores
1174 1564 1333 1645 languore
1358 1564 1477 1628 affecti

299 1677 419 1747 esseut,
444 1670 533 1754 quod
559 1670 676 1733 vitium
704 1669 975 1754 mimographum
1010 1671 1190 1734 vitaturam
1215 1672 1319 1735 fuisse
1343 1678 1476 1753 putem.

300 1778 487 1841 Hultasehii
514 1777 614 1858 igitur
638 1776 831 1860 opinionem
857 1778 960 1840 teneri
987 1799 1052 1840 non
1080 1799 1175 1861 posse
1208 1800 1274 1841 non
1305 1778 1349 1841 ita
1375 1777 1477 1841 multi

301 1885 482 1967 negabunt,
515 1884 593 1947 certi
618 1890 731 1946 autem
756 1883 882 1966 aliquid
908 1884 948 1947 de
985 1883 1035 1947 his
1071 1884 1224 1949 versibus
1260 1885 1368 1949 dicere
1404 1906 1477 1947 non

302 2013 490 2078 possumus.
554 1991 707 2054 Fortasse
745 1990 778 2053 in
820 1990 872 2054 his
911 1990 1063 2055 versibus
1102 1990 1256 2076 (ar-aa)
1294 1992 1476 2055 nominum

302 2108 489 2189 catalogum
526 2103 634 2165 inesse
658 2098 795 2162 Orosius
821 2106 906 2161 reete
930 2098 1037 2173 affert,
1074 2119 1160 2181 quae
1195 2099 1309 2182 opinio
1333 2099 1479 2162 fortasse

302 2223 476 2300 propterea
494 2206 675 2294 probabilis
692 2227 763 2268 esse
780 2204 932 2268 videatur
947 2204 1035 2287 quod
1061 2205 1193 2287 singula
1218 2206 1318 2270 verba
1341 2206 1480 2289 punctis

303 2329 382 2386 suat
404 2319 521 2383 divisa.
581 2313 756 2378 Nescimus
793 2311 939 2394 quidem,
976 2312 1028 2374 cui
1066 2312 1153 2375 hono
1183 2335 1239 2375 rex
1264 2313 1479 2395 singulorum

304 2431 450 2495 virorum
477 2423 615 2487 nomina
640 2426 743 2494 vocet,
770 2417 825 2482 sed
852 2425 1052 2502 spectatores
1076 2419 1141 2482 iam
1167 2419 1314 2482 secunde
1339 2419 1489 2483 nomine

304 2541 421 2602 vocate
457 2532 538 2596 seire
570 2535 733 2614 poterant,
755 2547 854 2608 ·quae
890 2547 941 2588 res
970 2534 1157 2605 agerentur.
1217 2527 1259 2589 Et
1283 2526 1310 2590 si
1335 2528 1480 2590 tortasse

305 2640 439 2706 barbari
473 2637 590 2702 inseite
614 2642 691 2698 aute
726 2654 837 2713 regem
872 2633 979 2715 capita
1013 2633 1220 2696 inclinabant
1255 2633 1327 2696 illos
1352 2653 1481 2714 magno

306 2749 428 2833 gaudio
463 2744 646 2810 exsultasse
682 2739 861 2805 verisimile
896 2747 953 2802 est.
1013 2738 1076 2802 Sed
1113 2739 1278 2824 quidquid
1314 2739 1482 2804 hocloco

306 2857 416 2938 agitur
439 2852 574 2937 plurimi
599 2857 711 2931 gestus
735 2854 813 2910 sunt
837 2845 1014 2909 statuendi.

413 2962 453 3024 Iu
492 2956 632 3037 catalogi
672 2956 738 3018 line
777 2952 879 3017 verbo
918 2979 1035 3032 κοττως
1074 2953 1125 3017 bis
1169 2952 1283 3016 audito
1323 2952 1482 3036 stupidus

308 3070 471 3134 exclamat
510 3092 629 3142 κοττως
666 3065 754 3143 ὑμᾶς
793 3064 991 3135 taxarem,
1031 3081 1133 3143 <pram
1181 3060 1222 3123 aa
1268 3082 1335 3124 rem
1377 3059 1481 3150 uelim

308 3177 460 3240 conferas
487 3173 591 3235 Plaut.
618 3168 705 3232 Rurl.
734 3169 829 3243 1225,
855 3189 921 3250 quo
945 3167 1016 3230 loeo
1041 3167 1216 3230 Trachalio
1244 3189 1376 3250 semper
1401 3166 1484 3231 dicit

308 3284 409 3366 ‚liert‘‚
445 3288 515 3343 tum
556 3279 744 3341 Daemones
781 3273 958 3357 respondet
991 3275 1120 3354 ‚Licet
1150 3275 1290 3357 (κοττως)
1328 3273 1485 3338 Heraclea

309 3393 403 3453 ishun
429 3387 614 3470 infelicet
637 3406 704 3448 caru
729 3403 787 3446 aaa
819 3382 830 3444 l
840 3384 851 3444 r·
862 3403 931 3445 eea
943 3383 996 3444 tia.
1043 3382 1094 3444 Ita
1112 3403 1198 3445 areas
1221 3381 1356 3462 ruplevit
1377 3402 1482 3444 aurea

315 3495 478 3578 ericlqnal
501 3492 711 3556 rrrrrnorolnnn
736 3490 826 3572 ,lieet
851 3496 882 3551 et
908 3488 961 3551 Ar.
989 3508 1057 3550 ran.
1084 3490 1148 3551 ‘230

524 3608 604 3664 Βατ.
641 3602 831 3683 βρὸκὸκῡκὲξ
854 3592 935 3673 κοάξ
958 3593 1040 3670 κοάξ

523 3716 591 3772 Aac.
647 3706 716 3772 ἀλλ’
742 3707 905 3782 ἐξόλοισθ’
931 3704 1024 3791 αὐτῷ
1046 3701 1137 3780 κοάξ.

418 3834 544 3897 Versus
569 3835 610 3895 68
637 3830 776 3893 Winteri
813 3827 1039 3912 interpretatio
1064 3835 1150 3890 recta
1175 3848 1246 3890 esse
1283 3848 1347 3889 aon
1374 3832 1485 3909 petest

312 3945 378 4027 (pg.
402 3943 457 4021 48)
493 3940 537 4015 ,in
574 3939 689 4002 litteris
727 3938 1005 4024 ζεισουκορμοςηὸε
1036 3933 1167 3998 videtur
1200 3935 1308 3998 inesse
1345 3937 1391 4012 ζεῖ
1427 3954 1485 4000 σου

313 4057 440 4135 κοῦρμι;
456 4044 522 4126 ὄζει
535 4047 574 4111 δέ
587 4044 828 4130 (effervescitne
842 4050 937 4106 tuum
952 4042 1118 4126 zythum?
1143 4042 1254 4117 Quam
1269 4040 1486 4104 vehementer

314 4156 378 4219 olet
391 4154 408 4239 l)
441 4154 545 4216 Indus
577 4152 665 4217 enim
704 4151 772 4215 vini
809 4151 944 4232 ignarus
969 4154 1082 4237 κοῦρμι
1111 4149 1145 4212 id
1171 4170 1241 4212 esse
1267 4155 1367 4224 ratus,
1392 4147 1484 4231 qued

315 4262 430 4329 eedem
468 4260 566 4324 modo
602 4267 702 4343 atque
739 4258 889 4344 potiones
917 4255 1051 4320 lndieae
1087 4279 1127 4319 ex
1163 4278 1261 4339 oryaa
1295 4276 1335 4318 ex
1361 4253 1487 4318 hordeo
