3066 5182
666 350 889 410 ..14-

297 542 337 607 ln
372 543 548 628 utriusque
584 543 720 608 fabulae
755 550 849 628 parte
888 549 1038 607 extrema
1073 542 1278 626 gubernator
1309 564 1319 573 ·

191 650 391 736 portisculus
408 651 450 714 ad
467 650 699 714 festinandum
724 650 876 714 hortatur
900 649 953 734 (cf.
972 650 1048 714 Hel.
1070 652 1248 714 1595011111
1266 649 1312 713 Ch

194 759 276 842 101).
325 756 457 821 Similes
481 778 616 841 quoque
645 764 724 821 sunt
755 757 962 842 precationes
999 759 1101 820 1441:

352 873 438 931 Μεν.
464 857 491 930 οῗ
514 869 589 941 Ζεῦ,
615 862 725 953 πατήρ
740 891 783 930 ’τε
807 877 862 931 καὶ
887 866 982 952 σοφὸς
1006 866 1115 963 κλῄζει
1144 866 1235 942 θεός,

350 973 482 1062 βλέψον
506 969 587 1060 πρὸς
610 967 697 1056 ἡμᾶς
721 982 776 1039 καὶ
799 973 1000 1056 μετάστησον
1023 977 1135 1039 κακῶν

192 1084 224 1142 01
248 1085 285 1142 ut
309 1077 374 1141 alia
399 1078 552 1142 omittam
577 1077 645 1141 iarn
670 1078 790 1142 affero:

194 1203 268 1267 Hel.
294 1203 367 1267 818.
394 1203 465 1269 ἴστε
489 1203 592 1269 ἔνδον.
780 1201 878 1266 Char.
907 1204 978 1267 104.
1005 1203 1101 1270 ἔνδον
1125 1201 1214 1284 loc&

196 1312 288 1375 1593.
313 1321 349 1376 τί
368 1312 505 1396 μέλλετ’,
531 1303 560 1377 οῗ
782 1311 825 1374 90
848 1321 883 1376 τί
902 1313 1055 1395 pell-sc&

236 1425 294 1506 γῆς
317 1418 471 1496 Ἑλλάδος
493 1419 684 1502 λωτίσματα

193 1523 269 1589 Ηο1.
294 1525 369 1588 240.
394 1516 423 1589 ω’
446 1527 591 1591 τάλαινα
782 1506 870 1570 unde
902 1505 1113 1570 Sudhausius
1156 1526 1273 1571 versus
1305 1508 1319 1567 1

238 1640 414 1718 συμφορᾶς·
783 1613 1024 1677 restitutionem
1049 1612 1179 1676 hausit:

782 1715 972 1803 oivdlarvla
986 1722 1160 1808 συμφορᾶς]
1170 1718 1319 1803 cl.(Hipp

785 1827 880 1901 1407,
906 1825 993 1889 Med.
1020 1828 1072 1904 34,
1097 1826 1173 1890 Jon.
1200 1827 1286 1909 763).

301 1952 371 2016 Nec
395 1952 508 2015 minus
545 1972 646 2035 qnam
673 1950 823 2014 Helenae
859 1950 898 2028 ei,
931 1951 989 2034 qui
1015 1951 1157 2015 mimum
1194 1950 1319 2034 perlege

195 2059 345 2123 eiusdem
379 2065 497 2143 poetae
526 2057 739 2143 Cyclopis
774 2058 808 2120 in
846 2064 992 2121 mentem
1019 2058 1138 2135 veniet,
1172 2057 1297 2140 quain

195 2166 274 2230 bula
299 2165 527 2250 Polyphemus
544 2165 662 2229 eodem
679 2164 789 2242 modo,
815 2186 882 2249 quo
907 2185 965 2227 rex
982 2164 1143 2228 Indorum
1161 2163 1319 2228 obtundit

195 2273 265 2337 Nec
288 2280 402 2336 tamen
427 2293 487 2357 pro
509 2279 597 2336 certo
622 2278 671 2335 est
694 2270 889 2335 habendum
908 2270 1180 2356 mimographum
1206 2271 1319 2335 ration

195 2380 297 2458 illam,
317 2400 383 2463 qna
401 2379 554 2442 homines
572 2364 650 2443 vino
664 2379 815 2463 oppressi
831 2377 1043 2462 decipiuntur
1060 2377 1100 2441 de
1113 2399 1181 2442 uno
1198 2377 1317 2462 Euripi

197 2486 340 2572 Cyclope
358 2485 535 2562 derivasse,
552 2506 628 2549 cum
642 2485 760 2549 eadem
777 2484 860 2548 ratio
877 2485 1010 2568 saepius
1028 2492 1188 2548 occurrat.
1214 2484 1319 2548 Exem

197 2594 301 2676 gratia
334 2593 519 2656 afferantur
547 2591 672 2656 Cratini
705 2591 832 2669 Ulixes,
851 2591 945 2656 cuius
972 2591 1108 2655 fabulae
1131 2600 1319 2674 argumenti

197 2701 302 2764 fuisse
312 2699 512 2784 Cyclopeum
522 2699 643 2763 docent
650 2699 840 2784 fragmenta
850 2700 892 2762 cf.
902 2698 999 2762 Kock
1008 2698 1094 2763 Crat.
1109 2700 1173 2781 frg.
1186 2700 1248 2762 135
1262 2701 1315 2762 -1

198 2808 241 2871 cf.
267 2805 398 2883 Kaibel,
424 2805 541 2870 Herm.
570 2807 654 2870 1895
679 2826 732 2889 pg.
759 2807 798 2869 71
825 2826 891 2888 ssq.
938 2803 1120 2889 (Winterus
1145 2803 1236 2869 aliud
1261 2826 1319 2870 exe

199 2913 293 2999 plum
306 2913 403 2976 affert
416 2912 709 2996 Apul.1net.7,l2).
758 2910 822 2975 Sed
834 2917 947 2974 tamen
965 2918 1115 2975 nostrum
1133 2911 1277 2975 mimum
1296 2934 1319 2976 cr

199 3019 342 3105 Cyclope
352 3019 527 3083 cohaerere
538 3018 717 3083 verisimile
726 3038 797 3082 esse
811 3017 918 3082 credo.
945 3017 1032 3081 Nam
1047 3018 1081 3081 in
1095 3017 1150 3081 illa
1163 3017 1319 3082 obtunde:

200 3128 327 3190 ratione
367 3125 521 3211 stupidus
560 3124 811 3209 quodammodo
848 3123 952 3188 Sileni
991 3146 1169 3209 personam
1209 3126 1318 3189 sustin

199 3234 332 3298 videtur
356 3239 388 3296 01
410 3234 514 3296 frater
538 3237 648 3316 partes
672 3231 791 3309 Ulixis
827 3231 886 3315 qui
910 3231 1091 3296 identidem
1117 3230 1298 3316 Cyclopem

200 3340 385 3405 bibendum
410 3339 523 3404 incitet
547 3339 600 3423 (01.
626 3341 691 3404 570
715 3339 790 3407 ἰδοῦ
805 3340 920 3418 λαβών
936 3337 1053 3406 ἔκπιθι
1073 3351 1130 3407 καῖ
1149 3342 1253 3427 μηδὲν
1277 3343 1319 3407 λίι

201 3470 278 3512 cum
303 3450 345 3512 66
370 3465 445 3514 πεῖν
477 3447 533 3524 δδς
550 3458 682 3533 ’ταχέως
705 3453 737 3510 01
761 3449 803 3511 69
827 3449 912 3526 βάλε
936 3447 1034 3528 οἶνον)
1071 3453 1102 3510 01
1132 3447 1205 3531 ipso
1239 3468 1319 3530 quo(

201 3555 338 3620 consilio
374 3555 525 3618 confecto
560 3554 614 3638 (01.
639 3555 705 3618 420
728 3556 915 3636 γιγνώσκων
939 3552 990 3620 δτι
1013 3555 1128 3639 τρώσει
1157 3582 1209 3622 νιν
1232 3557 1319 3633 οἶνος

202 3664 262 3728 591
289 3657 382 3751 ὕπνῳ
408 3672 604 3747 παρειμένος
639 3682 717 3725 eum
752 3654 984 3727 118.96ο11τοι
1018 3669 1080 3747 μὲν
1114 3657 1175 3749 ἤδη
1210 3669 1251 3760 τῇ
1283 3689 1319 3744 με

201 3768 398 3856 βαροῦνται)
423 3789 474 3832 res
498 3768 645 3851 agendas
669 3769 806 3852 perficit.

309 3876 378 3940 Nec
402 3875 485 3939 aliae
509 3874 744 3939 similitudines
769 3875 900 3940 desunt.
955 3875 993 3938 In
1019 3883 1160 3959 utraque
1191 3876 1309 3940 fabula

203 3983 342 4048 advenis
366 3982 503 4046 demum
528 3982 647 4047 vinnm
677 3983 825 4061 affertur,
862 4004 930 4067 quo
965 3982 1099 4046 barbari
1134 3982 1319 4046 obtundunt

204 4098 236 4154 01
258 4090 313 4153 hic
336 4110 471 4173 quoque
496 4087 637 4173 Cyclops
661 4097 822 4154 venatum
846 4089 1006 4154 discessit.

401 4213 489 4299 Cycl.
518 4215 590 4279 130.
982 4213 1079 4278 Char.
1109 4216 1179 4278 196.

205 4325 340 4412 φροῦδος
363 4324 445 4412 πρδς
469 4329 593 4408 Αἴτνην
792 4335 847 4388 καὶ
871 4329 906 4388 at
929 4339 1078 4404 γυναῖκες

205 4439 316 4520 θῆρας
339 4431 476 4515 ἰχνεύων
500 4442 591 4497 κυσίν
790 4429 903 4497 αὐτῶν
927 4427 996 4494 cinei
1022 4442 1172 4515 κονημίοο

211 4539 271 4602 193
297 4535 441 4629 Κύκλωψ
465 4535 514 4602 δ’δ’
539 4537 666 4624 ἔρχεται
792 4548 1045 4624 παραγίνονται.
