3066 5182
647 330 868 393 „24-

173 521 309 607 quidem
347 545 400 587 me
436 525 550 588 iurare
586 548 653 588 non
679 547 775 609 posse
811 528 985 591 consessus
1010 527 1244 592 Hultzsclriurn
1280 527 1344 591 sibi

174 652 308 714 (proque
346 653 410 694 non
448 632 647 716 persuadere
684 655 736 696 mc
760 634 933 697 certiorem
969 636 1057 698 lecit.
1111 645 1230 718 Λαμυν
1254 635 1345 699 enim

174 738 226 802 rel
259 741 367 824 dapne
391 739 425 802 in
450 741 570 802 lnrnllnt
604 748 635 803 et
661 770 779 807 ortam
805 742 838 804 in
863 742 941 805 leoli
971 743 1187 807 nullomodo
1223 742 1346 806 mutari

175 867 271 930 posse
309 868 417 929 neque
453 868 487 909 se
527 847 728 929 intellegere,
764 870 832 932 quo
871 850 942 912 iure
981 849 1199 914 Hultzschius
1234 849 1345 933 eloqui

176 952 280 1036 possit
308 953 382 1016 »Bis
407 953 540 1017 lrierlrer
556 954 678 1035 glaube
701 955 755 1019 ich
780 958 841 1019 aut
863 958 982 1020 testem
1003 957 1113 1021 Boden
1131 979 1171 1020 au
1196 957 1346 1021 stelren«.

178 1058 269 1122 ldem
298 1059 404 1123 Plauti
431 1061 615 1124 Poenulum
649 1063 865 1146 comparandi
897 1085 997 1127 causa
1021 1066 1120 1128 affert
1149 1072 1180 1128 et
1210 1064 1349 1128 adnotat

176 1166 241 1230 illis
273 1167 480 1251 temporibus
505 1169 610 1233 multo
636 1169 747 1254 plures
771 1171 885 1247 fuisse,
917 1172 975 1255 qni
1000 1171 1188 1236 Poenorum
1214 1172 1348 1254 linguae

178 1274 273 1358 periti
299 1274 434 1351 fuerint,
461 1296 521 1339 nec
557 1283 668 1339 tamen
706 1298 767 1340 nos
802 1299 840 1341 ea
864 1277 966 1341 rerba
997 1279 1122 1343 Punica
1148 1279 1348 1361 intellegere.

179 1381 230 1445 Ad
256 1382 317 1445 lias
341 1404 458 1446 causas
482 1383 618 1460 aceedit,
644 1384 733 1468 quod
759 1406 846 1468 quac
863 1384 1080 1450 Hultaselrius
1105 1387 1257 1471 exposuit
1281 1407 1349 1449 non

180 1512 338 1572 magnam
354 1490 421 1552 vim
436 1489 570 1567 liabent,
589 1512 665 1555 cum
685 1491 794 1555 verbis
810 1499 944 1578 βραθις,
969 1502 1014 1572 εἰς
1029 1497 1162 1582 μερίδια
1187 1492 1351 1579 λάχωμεν,

179 1599 339 1683 λάχωμεν,
365 1604 452 1684 deon,
476 1604 555 1683 βερη
580 1599 613 1660 in
640 1600 815 1682 perpaucis
851 1600 1004 1664 versibus
1039 1601 1146 1664 sexies
1175 1601 1262 1664 idem
1288 1602 1351 1682 (ge-

181 1705 303 1784 trennt)
339 1705 553 1785 significetur.
602 1704 686 1780 Quis
717 1713 828 1770 autem
866 1708 1007 1792 estqui
1043 1708 1125 1772 haec
1158 1715 1244 1772 recta
1280 1728 1352 1771 esse

181 1813 301 1896 putet?
347 1812 395 1874 Ea
421 1812 511 1874 enim
543 1833 575 1876 re
607 1812 679 1876 sine
703 1812 806 1876 dubio
830 1822 1032 1898 spectatores
1057 1815 1216 1896 languore
1240 1815 1353 1878 affecti

181 1925 301 1996 essent,
326 1918 416 2002 quod
442 1919 559 1981 vitium
587 1919 858 2003 rnimograplrum
893 1922 1073 1985 vitaturam
1098 1922 1201 1985 fuisse
1225 1928 1353 2004 putem.

183 2026 370 2089 Hultasclrii
396 2026 497 2107 igitur
521 2027 713 2109 opinionem
740 2029 843 2090 teneri
870 2049 936 2090 non
962 2050 1058 2113 posse
1091 2050 1157 2092 non
1188 2030 1232 2092 ita
1257 2027 1353 2091 multi

184 2133 365 2215 negabunt,
398 2133 476 2196 certi
501 2141 613 2195 autem
639 2133 765 2216 aliquid
790 2134 831 2197 de
867 2134 918 2198 his
955 2135 1107 2199 versibus
1142 2135 1250 2199 dicere
1286 2156 1353 2197 non

184 2262 372 2325 possumus.
436 2240 589 2303 Fortasse
627 2240 660 2302 iu
703 2240 754 2303 his
793 2241 946 2305 versibus
985 2241 1139 2326 (ol-64)
1176 2243 1354 2305 'nominum

184 2355 371 2437 catalogum
408 2352 516 2414 inesse
540 2347 678 2411 Crusius
703 2355 788 2410 recte
812 2349 919 2424 affert,
956 2370 1043 2433 quae
1078 2350 1191 2433 opinio
1214 2351 1357 2413 fortasse

184 2469 357 2547 propterea
376 2456 557 2543 probabilis
574 2476 645 2518 esse
661 2453 814 2517 videatur
829 2455 918 2537 quod
944 2456 1076 2538 singula
1100 2457 1200 2520 verba
1222 2456 1357 2540 punctis

185 2577 264 2634 sunt
287 2567 403 2631 divisa.
463 2563 639 2627 Nescimus
675 2561 822 2644 quidem,
859 2563 911 2625 cui
948 2563 1036 2626 bono
1065 2585 1122 2626 rex
1146 2563 1356 2646 singulorum

186 2678 332 2742 virorum
359 2672 497 2736 uomina
522 2677 625 2745 vocet,
652 2669 708 2732 sed
734 2676 934 2752 spectatores
959 2671 1024 2734 iarn
1049 2671 1196 2734 secundo
1220 2670 1358 2733 nornine

186 2790 303 2848 vocato
339 2780 421 2844 scire
453 2784 615 2862 poterant,
637 2797 736 2859 ·quae
773 2797 823 2839 res
852 2785 1039 2857 agerentur.
1099 2777 1192 2840 Etsi
1216 2779 1359 2840 fortasse

187 2889 320 2954 barbari
356 2887 472 2950 inscite
496 2891 573 2948 aute
608 2904 720 2964 regem
754 2883 862 2966 capita
894 2884 1102 2947 inclinabant
1137 2884 1209 2947 illos
1235 2905 1360 2965 magno

187 2997 310 3082 gaudio
345 2993 528 3058 exsultasse
564 2990 742 3054 verisimile
778 2997 835 3052 est.
895 2989 958 3053 Sed
996 2991 1159 3075 quidquid
1196 2990 1259 3055 hoc
1287 2991 1360 3053 loco

188 3105 297 3187 agitur
321 3100 456 3186 plurimi
481 3105 593 3181 gestus
617 3104 694 3160 sunt
719 3097 896 3160 statuendi.

295 3210 334 3273 In
373 3206 514 3287 catalogi
554 3206 619 3268 fine
659 3203 761 3268 verbo
800 3230 917 3283 κοττως
956 3205 1006 3268 bis
1050 3204 1164 3268 audito
1203 3203 1361 3287 stupidus

189 3319 353 3382 exclamat
391 3342 510 3391 κοττως
549 3315 635 3393 ὑμᾶς
675 3315 873 3386 λακιίσαιτο,
913 3333 1016 3395 quam
1063 3312 1103 3374 arl
1149 3333 1217 3374 rem
1258 3310 1361 3401 velim

190 3425 343 3489 conferas
367 3422 473 3484 Plaut.
499 3419 586 3483 Rud.
615 3419 710 3493 1225,
735 3439 802 3500 quo
827 3418 898 3481 loco
922 3418 1097 3482 Trachalio
1125 3439 1257 3501 semper
1281 3417 1363 3481 dicit

190 3533 290 3614 ‚licet‘‚
326 3537 397 3592 tum
437 3528 626 3590 Daemones
662 3525 840 3608 respondet
872 3526 1002 3606 ‚stret
1032 3526 1172 3608 (κοιτως)
1209 3524 1364 3588 Hercules

190 3642 285 3701 ‘istum
311 3636 401 3719 ilp‘el
412 3637 423 3697 ί
433 3641 496 3698 cet
518 3656 586 3697 carn
610 3654 669 3696 sno
700 3633 732 3694 ll
743 3654 812 3696 cen
824 3634 877 3694 tia.
924 3633 976 3695 na.
994 3654 1079 3696 tricos
1103 3633 1237 3712 expleuit
1258 3652 1361 3694 (rores.

196 3745 360 3826 era'clqnlrl
383 3741 593 3804 nternorolnun
617 3740 707 3821 ‚liect‘
732 3745 763 3801 et
789 3740 842 3801 Ar.
870 3759 938 3801 ran.
965 3741 1030 3802 230

405 3857 485 3913 Bur.
523 3851 712 3933 dccccxxxi}
735 3842 816 3923 κοάξ
839 3843 921 3921 κοάξ

404 3965 472 4021 Aeo.
528 3954 597 4020 ἄλλ’
623 3956 786 4031 ἐξόλοισθ’
811 3955 904 4042 αὐτῷ
927 3953 1018 4032 κοάξ.

299 4081 425 4145 Versus
450 4083 491 4144 68
518 4079 656 4142 Winteri
694 4078 920 4162 interpretatio
945 4085 1031 4141 reeta
1056 4099 1127 4141 esse
1163 4099 1229 4140 non
1255 4082 1364 4160 potest

194 4192 259 4274 (pg.
284 4191 338 4268 48)
375 4188 417 4264 ‚in
455 4187 570 4250 litteris
607 4188 886 4273 ζεισουκορμοςηδε
917 4184 1048 4249 videtur
1082 4185 1189 4248 inesse
1225 4188 1272 4262 ζεῖ
1307 4205 1363 4250 σου

194 4279 322 4383 rodopa
337 4291 404 4373 lto
416 4295 455 4360 dt
468 4292 709 4378 (effervescitne
722 4300 819 4355 tuum
833 4292 969 4375 zythum
982 4293 998 4356 t>
1024 4292 1135 4367 Qurnn
1150 4291 1364 4354 veliementer

195 4404 259 4466 olet
272 4402 289 4487 l)
324 4401 426 4463 ludus
457 4401 546 4465 enim
585 4399 653 4463 viui
689 4400 825 4480 ignarus
850 4404 962 4487 κοῦρμι
993 4399 1025 4463 id
1052 4420 1122 4462 esse
1147 4405 1247 4474 ratus,
1273 4395 1363 4481 quod

196 4509 311 4577 eodem
349 4507 447 4572 modo
482 4515 582 4592 alque
619 4507 770 4593 potiones
798 4505 932 4570 indicae
968 4530 1008 4570 ex
1044 4527 1142 4589 oryza
1176 4526 1216 4568 ex
1241 4503 1364 4568 hordeo
