3126 5190
675 350 897 411 ..14-

306 542 346 607 In
381 543 556 628 utriusque
592 544 728 609 fabulae
763 551 858 629 parte
897 550 1046 608 extrema
1082 543 1290 627 gubernator
1325 543 1381 609 vel

200 649 400 735 portisculus
417 651 459 714 ad
476 650 707 714 festinandum
733 651 885 715 hortatur
908 651 962 735 (cf.
981 651 1056 715 Hel.
1077 653 1257 715 rosseum
1277 650 1380 714 Char.

203 759 285 842 101).
334 756 465 821 Similes
490 778 624 841 quoque
654 764 732 821 sunt
763 758 970 842 precationes
1007 760 1109 822 1441:

361 873 447 931 Μεν.
472 857 500 929 οῗ
523 869 598 941 Ζεῦ,
623 863 733 954 πατήρ
748 891 792 931 ’τε
815 877 871 931 καὶ
896 866 991 952 σοφδς
1015 868 1124 964 κλῄζει
1152 867 1244 944 θεός,

359 974 491 1063 βλέψον
515 969 596 1060 πρὸς
619 967 706 1056 ἡμᾶς
729 982 785 1038 καὶ
807 974 1008 1056 μετάστησον
1031 977 1144 1039 κακοῖν

201 1084 233 1141 et
257 1084 294 1141 ut
318 1077 382 1141 alia
408 1077 561 1142 omittam
585 1077 653 1141 iam
678 1079 798 1142 affero:

203 1203 277 1267 Hel.
302 1203 376 1266 818.
402 1203 474 1269 ἴστε
498 1203 601 1269 ἔνδον.
789 1202 886 1267 Char.
915 1205 986 1268 104.
1014 1205 1109 1272 ἴνδον
1133 1202 1223 1286 dor&

204 1311 297 1374 1593.
322 1321 358 1375 τί
377 1312 513 1396 μέλλετ’,
539 1303 568 1377 οῗ
790 1312 833 1375 90
857 1323 891 1377 τί
910 1314 1044 1397 μέλλετε
1052 1335 1063 1392 ;

245 1425 303 1505 λῆς
326 1417 479 1496 Ἑλλάδος
502 1419 692 1502 λωτίσματα

201 1522 277 1588 Ησ1.
303 1525 377 1588 240.
403 1516 432 1588 ω’
454 1526 599 1590 τάλαινα
790 1506 878 1570 unde
910 1506 1121 1571 Sudhausius
1164 1527 1283 1572 versus
1317 1508 1386 1572 104

247 1639 423 1718 συμφορᾶς.
791 1614 1032 1678 restitutionem
1056 1613 1187 1678 hausit:

790 1715 980 1803 drdlurvla
994 1723 1168 1810 συμφορᾶς]
1178 1718 1383 1805 cl.(Hippol.

793 1827 888 1902 1407,
914 1825 1001 1890 Med.
1028 1829 1080 1905 34,
1105 1827 1181 1891 Jon.
1208 1828 1295 1911 763).

309 1951 380 2016 Nec
403 1951 516 2015 minus
552 1972 654 2035 quam
681 1950 831 2015 Helenae
867 1951 906 2028 ei,
939 1951 997 2034 qui
1023 1952 1165 2016 mimum
1202 1950 1386 2036 perlegerit

203 2057 353 2122 eiusdem
388 2065 505 2143 poetae
534 2056 747 2149 Cyclopis
782 2058 816 2121 in
854 2065 1001 2122 mentem
1027 2059 1146 2136 veniet,
1179 2059 1308 2141 quain
1335 2059 1384 2122 fa-

204 2165 283 2229 bula
307 2164 535 2249 Polyphemus
552 2164 669 2229 eodem
687 2165 796 2242 mod0,
823 2187 890 2250 quo
916 2186 973 2228 rex
990 2165 1150 2229 Indorum
1169 2164 1383 2229 obtunditur.

204 2272 273 2336 Nec
297 2278 409 2336 tamen
435 2293 495 2355 pro
517 2279 605 2336 certo
630 2278 679 2335 est
702 2271 898 2336 habendum
915 2271 1188 2357 mimographus]
1214 2272 1384 2336 rationem

204 2379 306 2457 illam,
325 2399 391 2462 qua
409 2378 562 2442 homines
580 2378 658 2442 vino
672 2379 823 2463 oppressi
839 2378 1051 2462 decipiuntur
1068 2378 1108 2442 de
1121 2400 1189 2442 uno
1206 2378 1385 2463 Euripidis

206 2485 348 2571 Cyclope
366 2484 543 2562 derivasse,
559 2505 636 2548 cum
651 2483 767 2548 eadem
785 2484 868 2547 ratio
885 2485 1018 2568 saepius
1036 2493 1196 2549 occurrat.
1222 2484 1386 2570 Exempli

206 2592 310 2674 gratia
342 2592 526 2656 afferantur
555 2590 680 2656 Cratini
713 2590 839 2668 Ulixes
858 2591 953 2655 cuius
980 2592 1115 2656 fabulae
1139 2600 1386 2675 argumentum

205 2699 310 2763 luisse
320 2697 519 2783 Cyclopeam
530 2697 848 2783 dooentfragmenta
857 2699 900 2763 ct.
910 2698 1006 2763 Kock
1016 2699 1102 2764 Crat.
1116 2701 1181 2782 trg.
1194 2700 1256 2764 135
1269 2702 1384 2766 -150,

206 2807 249 2870 ct.
275 2804 406 2882 Kaibel,
432 2804 551 2886 Herm
578 2806 662 2869 1895
686 2825 740 2888 pg.
767 2807 806 2869 71
833 2826 899 2888 ssq.
946 2803 1128 2889 (Wintcrus
1153 2804 1243 2870 aliud
1268 2826 1386 2871 exem-

206 2912 301 2996 plum
314 2912 411 2975 affert
424 2910 609 2995 Apulmet.
621 2911 717 2993 7,12).
765 2909 830 2974 sed
842 2918 955 2974 tamen
972 2918 1123 2975 nostrum
1141 2912 1284 2976 mimum
1303 2935 1385 2977 cum

207 3018 350 3103 Cyclope
360 3017 535 3082 cohaerere
545 3017 724 3081 verisimile
734 3038 805 3081 esse
819 3017 925 3082 crede.
952 3017 1039 3081 Nam
1055 3019 1088 3082 in
1102 3018 1157 3082 illa
1171 3017 1388 3085 obtundendi

207 3126 335 3189 ratione
374 3124 528 3210 stupidus
568 3123 819 3208 quodammodo
855 3123 960 3188 Sileni
998 3146 1177 3210 personam
1217 3126 1387 3192 sustinere

207 3232 340 3296 videtur
364 3239 396 3295 et
418 3233 522 3294 frater
545 3237 656 3315 partes
680 3231 799 3309 Ulixis,
834 3231 893 3315 qui
918 3231 1099 3296 identidem
1124 3231 1306 3317 Cyclopem
1341 3235 1388 3298 ad

208 3338 393 3403 bibendum
418 3339 531 3402 incitet
555 3339 608 3423 (cf.
634 3340 699 3403 570
723 3339 798 3407 ἰδοῦ
813 3341 928 3417 λαβών
944 3337 1061 3406 ἔκπιθι
1080 3352 1137 3407 καί
1156 3342 1260 3426 μηδὲν
1284 3343 1388 3440 λίπῃς

208 3469 285 3511 cum
311 3449 353 3511 66
378 3465 453 3513 πεῖν
484 3447 689 3531 δόςταχέως
713 3453 745 3511 et
768 3449 810 3511 69
835 3449 920 3525 βάλε
944 3447 1042 3529 οἶνον)
1078 3453 1110 3510 et
1140 3447 1213 3532 ipso
1246 3469 1388 3533 quoque

209 3553 346 3618 consilio
381 3555 532 3618 confecto
568 3553 621 3639 (ct.
647 3555 712 3618 420
736 3556 923 3636 γιγνώσκων
947 3552 998 3620 ὅτι
1021 3556 1135 3640 τρώσει
1164 3583 1216 3623 νιν
1240 3557 1327 3634 οἶνος
1352 3564 1388 3621 et

209 3663 270 3727 591
296 3656 390 3750 liuva>
415 3672 612 3747 παρειμένος
647 3682 723 3725 curn
760 3683 808 3726 vs.
834 3663 876 3726 96
901 3654 992 3728 οὖτοι
1026 3670 1087 3746 μὲν
1122 3658 1183 3750 ἤδη
1217 3669 1258 3761 τῇ
1290 3669 1386 3762 μέθῃ

208 3769 406 3855 βαροῦνιαι)
431 3789 481 3831 res
506 3768 652 3851 agendas
677 3769 814 3852 perficit.

316 3875 385 3939 Nec
409 3875 493 3939 aliae
517 3875 752 3939 similitudines
777 3875 908 3940 desunt.
962 3875 1001 3938 ln
1026 3883 1168 3959 utraque
1198 3876 1316 3940 fabula
1341 3879 1387 3943 ab

211 3982 349 4047 advenis
374 3981 511 4045 demum
535 3982 654 4046 vinum
684 3983 832 4060 affertur,
870 4004 937 4066 quo
973 3982 1107 4046 barbari
1141 3982 1386 4064 obtunduntur,

211 4089 320 4153 ethic
344 4109 479 4172 quoque
503 4086 644 4173 Cyclops
668 4097 829 4153 venatum
853 4089 1013 4154 discessit.

409 4212 496 4298 Cycl.
525 4214 597 4278 130.
990 4213 1086 4278 Char.
1116 4216 1187 4279 196.

212 4324 348 4412 φροῦδος
371 4322 452 4411 πρὸς
476 4328 600 4407 Αἴτνην
799 4333 854 4388 καὶ
878 4328 914 4387 at
936 4340 1085 4404 γυναῖκες

213 4438 323 4518 θῆρας
346 4430 484 4515 ἰχνεύων
507 4443 599 4496 κυσίν
797 4429 910 4497 αὐτῶν
935 4427 1004 4495 αἰιδ
1029 4443 1180 4516 κιινηγίον

219 4538 278 4601 193
304 4534 448 4628 Κύκλωψ
472 4534 521 4602 δ’δ’
547 4537 673 4623 ἔρχεται
800 4548 1053 4625 παραγίνονται.
