3066 5182
773 349 994 410 ..18-

300 545 319 608 8
344 551 375 607 el
399 544 441 607 30
466 563 519 606 me
536 541 730 626 respexisse,
756 541 882 626 quippe
899 541 956 625 qui
975 541 1008 603 in
1027 540 1143 604 eadem
1162 540 1264 603 rerba
1282 539 1517 603 desinere!

299 651 457 739 (ἀργυρᾶν
492 672 525 716 σε
561 651 767 736 ποιήσας-
799 676 839 734 ην
864 672 921 715 σου
954 650 1103 734 ποιήσας,
1140 649 1418 736 delapsam-pavor)
1442 669 1483 710 ε’
1514 653 1523 689 ³

300 779 458 821 versuum
490 759 530 820 27
557 762 588 820 et
619 758 660 819 28
685 777 819 819 sensum
853 757 977 818 firmari
1009 776 1107 819 versu
1141 758 1185 818 40
1209 753 1277 839 (καὶ
1302 749 1405 822 αὗται
1430 761 1523 826 εἰς

299 863 358 932 τὸν
383 867 553 949 ‘bullepot'
576 861 780 949 πεφεύγασι).

407 971 489 1034 Inde
513 991 531 1033 a
557 991 655 1034 versu
680 971 723 1034 30
746 969 900 1054 stupidus
932 968 1055 1052 gaudio
1090 969 1197 1032 elatus
1232 968 1275 1032 ad
1308 968 1485 1053 templum

301 1100 335 1141 se
353 1078 517 1141 convertit
534 1084 564 1141 et
578 1076 762 1140 Charitium
779 1076 940 1151 hortatur,
959 1084 994 1139 ut
1012 1075 1052 1139 de
1070 1076 1175 1140 salute
1192 1096 1304 1139 secum
1324 1076 1474 1138 laetetur.

302 1187 412 1269 Atque
447 1183 584 1247 Crusius
621 1183 756 1268 quidem
794 1182 885 1246 hunc
920 1204 1055 1248 versum
1093 1184 1231 1246 fratrem
1269 1204 1297 1260 ,a
1322 1182 1476 1245 barbaris

246 1327 248 1331 ·
301 1299 436 1376 captum
461 1298 493 1355 et
509 1291 634 1375 templo
650 1290 827 1354 inclusmn’
854 1291 1046 1374 loquentem
1070 1291 1159 1354 facit.
1208 1289 1271 1354 Sed
1289 1311 1358 1374 quo
1375 1288 1477 1353 modo

301 1400 371 1463 lieri
397 1406 535 1483 poterat,
561 1407 598 1462 ut
621 1401 725 1461 frater
749 1420 783 1461 se
808 1419 878 1462 esse
903 1398 1079 1461 liberatum
1105 1398 1316 1472 exclamaret,
1342 1418 1411 1481 qua
1437 1395 1477 1458 de

302 1528 336 1571 re
361 1507 443 1570 nihil
468 1506 721 1590 comperimus?
774 1505 850 1568 Solo
875 1506 963 1568 enim
990 1505 1116 1590 stupidi
1140 1505 1286 1569 adventu
1321 1503 1476 1567 nondum

302 1622 372 1676 erat
396 1620 548 1676 servatus
577 1633 687 1696 neque
718 1612 858 1676 verbum
885 1614 1049 1702 λελυμένῳ
1073 1612 1183 1696 eloqui
1208 1618 1346 1695 poterat.
1408 1610 1479 1674 Nec

304 1720 410 1800 magis
436 1719 577 1783 Winteri
601 1719 703 1782 verba
727 1718 792 1803 (pg.
818 1720 872 1801 ld)
899 1719 1023 1794 ,eodem
1051 1718 1150 1783 modo
1184 1725 1354 1802 praeterea
1379 1748 1398 1791 ς
1424 1717 1478 1781 vel

304 1832 321 1906 ζ
346 1849 384 1890 ex
423 1827 567 1890 liostium
601 1826 758 1889 manibus
784 1825 952 1890 liberatur*
985 1826 1158 1910 probanda
1192 1824 1358 1890 videntur.
1417 1823 1478 1887 Sin

303 1941 415 1998 autem
433 1933 589 1997 Crusium
607 1933 790 2017 sequimur,
808 1933 1038 2017 quaerendum
1065 1940 1123 2009 est,
1149 1931 1231 2016 quid
1250 1932 1338 2016 prior
1355 1952 1480 1995 scaena

305 2042 367 2104 sibi
387 2041 474 2117 velit,
493 2062 568 2105 cum
587 2041 828 2104 sententiarum
846 2041 928 2103 ratio
947 2039 1061 2103 deesse
1079 2040 1161 2103 mihi
1179 2039 1341 2103 videatur.
1380 2038 1480 2114 Quae

304 2149 406 2212 verba
435 2148 461 2212 si
490 2147 624 2232 stupido
649 2147 790 2221 dederis,
812 2169 929 2211 omnes
952 2146 1166 2211 difficultates
1191 2153 1288 2210 erunt
1313 2144 1478 2209 sublatae.

409 2272 564 2337 Ceterum
590 2294 655 2336 non
679 2272 854 2348 habemus
880 2293 938 2335 cur
962 2271 996 2334 in
1014 2270 1076 2334 hoc
1093 2292 1192 2335 versu
1209 2269 1374 2355 explendo
1398 2291 1478 2333 cum

304 2381 421 2443 Crusio
446 2401 561 2444 vocem
588 2388 690 2468 Κυρία
717 2379 922 2454 omittamus
948 2399 1024 2442 cum
1050 2386 1081 2441 ct
1105 2399 1204 2443 versu
1228 2377 1386 2462 parallelo
1416 2379 1480 2440 188

304 2488 433 2569 legatur
456 2499 551 2574 nepta
577 2492 608 2549 et
632 2486 666 2548 in
692 2507 738 2550 vs,
764 2487 806 2548 42
832 2485 1018 2548 Oliaritium
1043 2499 1138 2574 κυρία
1163 2492 1308 2548 vocetur.

413 2610 476 2674 Sed
502 2610 543 2673 ad
569 2618 764 2694 sequentem
791 2632 925 2674 versum
943 2610 1232 2694 interpretandum
1259 2630 1319 2672 nos
1344 2609 1480 2690 longius

306 2725 451 2803 repetere
491 2738 625 2781 necesse
649 2726 706 2781 est.
756 2717 931 2782 Scaenicas
965 2740 1016 2780 res
1053 2721 1078 2780 si
1110 2719 1154 2780 ita
1180 2737 1250 2780 esse
1287 2715 1483 2792 statuimus,

305 2833 341 2889 ul
366 2825 529 2909 templum
554 2824 596 2888 ad
628 2846 719 2888 mare
749 2825 790 2888 sit
814 2826 913 2888 situm
950 2825 984 2888 in
1010 2824 1126 2888 acclivi
1151 2824 1243 2901 colle,
1280 2823 1369 2886 unde
1394 2822 1482 2886 liber

306 2933 347 2996 sit
360 2939 391 2996 et
408 2932 448 2995 ad
467 2953 558 2995 mare
575 2939 607 2994 et
624 2931 672 2994 ad¹
683 2939 804 2995 terram
818 2940 1012 3015 prospectus
1026 2952 1165 2994 scaenae
1179 2931 1478 2994 commutationem

306 3039 375 3103 lieri
401 3060 467 3101 non
493 3046 627 3122 opertet.
689 3037 805 3102 Graeci
842 3039 931 3102 enim
968 3060 1034 3101 non
1074 3038 1189 3122 procul
1223 3059 1241 3100 a
1278 3037 1403 3121 templo
1437 3037 1479 3099 ad

307 3167 445 3210 ancoras
481 3146 676 3209 consistunt.
740 3145 857 3229 ltaque
896 3166 982 3229 quae
1006 3152 1083 3208 ante
1106 3145 1269 3229 templum
1308 3151 1480 3227 gerantur,

306 3252 431 3337 optime
455 3253 643 3336 prospicere
672 3259 822 3336 possunt.
877 3252 986 3327 Quam
1013 3252 1055 3314 ob
1080 3273 1148 3315 rem
1179 3252 1328 3314 barbaris
1352 3252 1482 3333 fugatis

307 3361 339 3436 ii,
365 3359 422 3443 qui
448 3359 482 3421 in
509 3380 593 3439 nave
624 3367 863 3435 remanserant,
900 3359 932 3421 in
970 3366 1092 3422 terram
1127 3358 1303 3422 escendere
1339 3358 1410 3421 ausi
1436 3358 1480 3420 ad

307 3465 471 3549 templum
506 3466 656 3529 veniunt.
720 3466 843 3549 Aliquo
883 3467 973 3529 enim
1011 3466 1111 3529 modo
1147 3465 1210 3528 hae
1246 3486 1407 3550 personae
1445 3466 1482 3528 in

225 3565 228 3569 ’
308 3593 464 3636 scaenam
489 3580 566 3635 sunt
590 3572 772 3648 ducendae,
798 3573 830 3635 id
855 3572 944 3656 quod
970 3573 1032 3636 hoc
1057 3571 1156 3635 modo
1181 3594 1247 3635 non
1273 3573 1383 3656 inepte
1408 3571 1480 3634 fieri

308 3678 414 3743 crede.
478 3677 516 3740 ln
542 3678 593 3741 his
618 3687 667 3742 est
691 3678 827 3742 Cliaritii
853 3681 964 3756 frater,
1002 3680 1059 3762 qui
1093 3700 1152 3741 cur
1187 3700 1253 3742 non
1290 3679 1418 3762 primus
1445 3679 1480 3741 in

227 3783 228 3787 ’
309 3793 431 3849 terram
456 3805 650 3868 progressus
675 3785 725 3861 sit,
752 3807 818 3848 non
844 3786 1078 3870 comperimus.
1127 3784 1158 3848 ls
1183 3793 1294 3848 antem
1321 3785 1429 3847 littera
1458 3794 1486 3850 Γ

309 3893 514 3975 significatus
539 3913 636 3954 versu
662 3893 701 3954 31
721 3891 877 3976 loquitur.

415 3999 489 4062 Hoc
513 3998 546 4060 in
566 4019 662 4062 versu
681 3997 818 4062 Crusius
842 3999 973 4083 scripsit
996 3998 1089 4065 tolle
1112 4002 1259 4088 dolesum,
1286 3998 1374 4083 quod
1396 4000 1482 4063 milri

310 4128 375 4170 non
400 4105 517 4189 placet,
543 4126 620 4168 oum
655 4105 738 4169 nilril
774 4106 932 4168 interesse
967 4114 1091 4189 putem,
1126 4128 1167 4168 an
1201 4107 1354 4190 stupidus
1379 4129 1482 4171 rauca

309 4234 390 4277 voce
420 4212 577 4294 loquatur
608 4233 721 4274 necne.
780 4211 945 4295 (Ceterum
978 4216 1019 4274 cl.
1051 4214 1060 4275 l
1086 4215 1148 4276 257
1177 4214 1481 4301 ,capragzraunt

311 4317 407 4395 Quod
433 4319 459 4380 si
485 4319 596 4380 fratris
622 4317 674 4382 vel
708 4319 882 4402 utriusque
907 4320 1088 4395 interesset,
1121 4321 1275 4403 stupidus
1300 4321 1482 4384 summissa

311 4447 390 4490 voce
419 4425 509 4508 loqui
541 4424 693 4501 debebat,
720 4447 821 4509 quem
845 4447 980 4489 sensnm
1008 4448 1037 4489 v.
1062 4432 1190 4513 βαρέως
1216 4448 1280 4488 non
1307 4426 1407 4490 lrabet
1436 4432 1481 4491 cl'.

311 4533 366 4596 Ar.
392 4531 472 4595 nub.
498 4553 528 4595 v.
554 4534 628 4595 716.
