3066 5182
572 358 791 421 ..25-

71 551 316 630 efficiebatur,
353 552 543 636 interroget,
581 575 661 617 num
697 554 902 633 effervescat,
939 562 970 618 et
1004 554 1111 638 capite
1145 553 1179 616 in
1213 574 1272 617 vas

75 658 251 722 immisso
268 659 336 723 vini
355 659 490 722 odorem
505 659 762 725 animadvertit'
792 661 887 724 Brevi
905 661 993 725 enim
1012 668 1089 725 ante
1103 661 1142 725 W
1147 661 1272 724 interus

82 763 335 830 llultrschium
372 767 631 850 sequiturzbcre
656 767 787 831 konclra
825 768 949 831 medlru
986 767 1148 852 patrakke
1183 767 1272 844 lralri,

87 880 255 951 getrennt
271 872 325 936 ein
346 874 454 955 wenig
480 874 605 938 Wein
629 876 664 938 in
689 875 754 938 den
780 875 906 939 Becher
930 896 1091 958 gegossen
1118 873 1273 937 lrabend'.

90 976 192 1042 Num
217 979 312 1046 brevi
347 987 421 1065 post
457 1003 514 1044 rex
551 1004 618 1045 non
655 981 720 1045 iam
747 982 872 1076 sciebat
907 1004 942 1046 se
977 983 1095 1046 vinum
1132 982 1274 1045 bibere?

95 1081 219 1170 Neque
255 1088 450 1151 crediderim
488 1110 598 1171 regem
636 1089 838 1172 semigraeca
876 1089 976 1153 verba
1009 1089 1110 1172 loqui,
1147 1111 1223 1152 cum
1258 1110 1275 1151 e

98 1193 255 1257 versibus
272 1195 313 1258 88
328 1197 398 1258 -91
427 1216 503 1259 eum
523 1195 667 1259 Graecae
692 1196 826 1279 linguae
844 1196 1084 1280 peritissimum
1109 1217 1180 1259 esse
1204 1217 1276 1278 cog-

100 1317 292 1365 noscamus

210 1407 248 1471 ln
274 1408 427 1473 versibus
452 1411 582 1473 70-73
608 1430 767 1494 personas
792 1410 896 1492 signis
921 1439 939 1483 ς
963 1416 994 1473 et
1018 1418 1048 1475 Z
1073 1410 1276 1492 significatos

93 1515 306 1597 semigraeca
331 1515 461 1596 verba¹)
486 1516 575 1600 loqui
602 1515 739 1580 Orusius
763 1523 868 1601 putat,
894 1516 952 1600 qui
987 1516 1047 1580 hos
1080 1538 1197 1581 versus
1232 1516 1277 1580 ita

89 1615 256 1686 dissolvit
278 1629 324 1701 εἰς
347 1619 438 1707 ἅλμα
468 1621 603 1702 κατάβα
620 1645 624 1656 ·
641 1623 745 1706 πτερά
763 1629 843 1704 γοῦν
866 1653 920 1708 μοι
944 1632 975 1689 Ζ
995 1636 1030 1690 τί
1051 1627 1087 1692 οὐ
1103 1632 1182 1706 γοῦν
1204 1624 1277 1708 μῗοίς

85 1732 231 1812 rectula),
254 1733 305 1796 ἕλε
330 1742 386 1796 καὶ
403 1730 570 1818 θρῶ(σκσ);
595 1730 693 1804 ςεῖτἻ
713 1725 752 1799 ori
774 1733 900 1828 βάλλῃ;
926 1728 1009 1814 cccix
1023 1734 1072 1810 (ε
1088 1731 1172 1816 πρεχ)
1197 1725 1276 1799 οὖν.

82 1837 212 1923 πτερά
237 1844 316 1916 γοῦν
338 1865 403 1921 μοι.
452 1836 619 1920 Equidem
645 1838 804 1902 confiteor
827 1837 990 1901 eiusmodi
1015 1837 1056 1900 de
1080 1837 1159 1901 locis
1184 1838 1279 1901 semi·

79 1943 234 2017 graecis
259 1965 312 2007 me
337 1943 483 2007 iudicare
518 1966 585 2007 non
612 1965 717 2028 posse,
754 1965 829 2008 cum
857 1944 1007 2008 nondum
1042 1944 1166 2008 similes
1191 1944 1279 2009 locos

78 2050 332 2129 cognoverim.
393 2049 455 2114 Sed
474 2072 556 2114 num
576 2073 692 2114 versus
717 2051 781 2134 (79)
805 2057 978 2134 tantopere
1003 2051 1125 2114 mutari
1150 2051 1278 2127 debeat,

78 2163 314 2241 quantopere
354 2156 491 2221 Crusius
531 2158 619 2229 lecit,
654 2157 779 2221 dubito.
838 2157 926 2221 Tum
957 2158 1161 2240 quaerimus,
1198 2157 1278 2242 quid

77 2251 156 2321 liic
188 2283 304 2327 sensus
329 2263 392 2327 sibi
416 2264 505 2340 velit,
530 2264 572 2326 ad
597 2285 697 2348 quem
723 2263 979 2348 exprimendum
1005 2264 1146 2327 Winteri
1169 2263 1280 2329 verbis

78 2369 184 2429 utar
208 2400 236 2447 ,ς
267 2371 369 2453 igitur
404 2371 472 2434 alas
508 2371 571 2433 sibi
596 2392 666 2434 esse
691 2371 866 2434 affirmans
890 2371 931 2434 de
956 2370 1021 2434 alto
1057 2370 1186 2434 desilire
1211 2392 1280 2455 per-

76 2485 225 2540 sonam
254 2477 379 2554 §iubet
404 2479 469 2562 (70)
488 2485 519 2541 et
544 2484 713 2542 currentes
738 2478 963 2563 saltantesque
988 2478 1160 2562 stupidum
1186 2478 1281 2542 corri-

72 2573 207 2652 piunt
232 2585 282 2669 (71
310 2587 382 2670 sq),
408 2585 464 2669 qui
491 2607 624 2648 summo
641 2607 740 2669 opere
765 2607 819 2648 eos
845 2586 965 2650 reicere
991 2567 1129 2649 conatur
1154 2587 1195 2650 72
1220 2593 1280 2669 sq‘

68 2673 262 2754 'Primum
287 2692 375 2755 enim
393 2713 451 2756 cur
477 2697 494 2770 ζ
517 2691 557 2755 de
582 2691 648 2754 alto
673 2692 802 2756 desiliat
826 2692 960 2776 etquid
985 2692 1056 2756 alae
1081 2692 1143 2756 sibi
1168 2692 1281 2769 velint,

64 2801 166 2855 ¹101]
201 2799 367 2881 intellego.
418 2799 545 2861 Deinde
570 2821 645 2861 eum
672 2799 803 2862 barbari
830 2799 1000 2883 stupidum
1027 2799 1220 2884 corripiunt,
1246 2805 1283 2862 ut

63 2887 277 2976 vinciatur
300 2906 352 2970 vel
382 2905 523 2970 violetur
547 2906 599 2970 vel
635 2906 742 2968 simile
777 2905 903 2990 aliquid
939 2906 968 2970 ei
1005 2906 1061 2968 liat
1086 2906 1282 2990 postulatur.

58 2990 95 3052 Ν
102 3017 209 3077 Uno
226 3019 338 3076 antem
358 3034 433 3075 eum
460 3013 493 3075 in
520 3035 549 3076 v.
568 3014 610 3075 92
635 3012 798 3075 dicentem
822 3012 979 3076 audimus
1003 3027 1037 3078 τί
1051 3015 1133 3079 πάλι
1157 3016 1283 3095 λέγουσι

58 3103 98 3160 et
172 3116 216 3183 in
257 3141 288 3184 v.
329 3121 371 3183 93
411 3121 525 3186 πάντα
560 3126 625 3186 τῶν
666 3121 806 3198 ζώντων,
848 3119 971 3202 quibus
1010 3141 1027 3182 e
1063 3120 1173 3182 verbis
1212 3119 1283 3183 iure

57 3224 266 3290 ⁰0noludi
291 3248 387 3310 posse
411 3233 492 3310 puto
516 3227 545 3289 ei
571 3227 638 3290 vim
664 3233 761 3289 antea
787 3247 852 3288 non
888 3247 959 3288 esse
984 3225 1118 3289 illatam.
1167 3225 1284 3311 Itaque

60 3333 160 3393 ΨΟ
186 3334 316 3419 stupidi
338 3334 439 3398 verba
457 3335 501 3419 μή
519 3333 659 3420 ἀηδίαν·
675 3330 855 3400 παύσασθε
879 3332 943 3395 alio
960 3332 1059 3395 modo
1076 3332 1283 3416 interpretor.

61 3416 166 3498 ffiS
200 3442 291 3506 enim
317 3441 426 3505 verbis
451 3439 605 3523 stupidus
622 3441 762 3502 fortasse
786 3438 867 3501 nihil
894 3438 982 3501 aliud
1001 3439 1158 3523 exprimit
1181 3460 1283 3522 quam

69 3537 291 3625 Prioribus,
317 3548 468 3629 linguam
493 3546 581 3609 enim
608 3547 838 3622 barbarorum,
876 3566 977 3629 quam
1013 3567 1079 3608 non
1104 3545 1284 3627 intellegat,

77 3653 130 3703 3ss
171 3654 387 3740 iniquissime
421 3655 517 3717 ferre.
577 3653 702 3716 Vocem
740 3660 851 3716 antem
886 3655 987 3739 αἠὁία
1022 3651 1113 3715 hunc
1148 3673 1284 3715 sensum

85 3762 273 3827 Praebere
286 3770 334 3825 est
347 3761 575 3824 testimonium
591 3782 631 3823 ex
645 3758 825 3843 Posidippo
839 3760 913 3841 (lrg.
931 3761 973 3822 28
989 3759 1093 3842 Koclr)
1111 3759 1284 3822 haustum:

99 3861 143 3928 “l
177 3880 239 3953 μὲν
272 3873 445 3947 doctricem
480 3867 562 3954 ἡνίκ’
589 3864 631 3935 α’ἱν
664 3870 757 3964 λέγῃς
786 3868 891 3933 αὐτοῦ
914 3893 1006 3943 τινας,
1043 3872 1070 3931 ot
1096 3866 1286 3953 ‹t‘Ellpag

111 3970 332 4064 ἑλληνίζομεν.
366 3990 400 4041 τί
431 3975 693 4063 πρασδιατρλβων
729 3976 904 4051 συλλαβαῖς
935 3985 991 4038 καῐ
1025 3970 1194 4058 γράμμασι
1228 3970 1288 4056 τήν

121 4082 430 4171 εὐτραπελίαν
453 4089 515 4160 εἰς
540 4075 704 4169 ἆηδίαν
728 4078 871 4163 ὅμως
897 4081 939 4142 el'.
960 4079 1041 4143 Bell.
1060 4078 1287 4143 Klussslexte

135 4263 242 4272 a--.....>

225 4386 245 4449 ¹)
264 4386 406 4438 Interdum
433 4399 518 4450 pauca
545 4384 649 4435 Graeca
678 4382 771 4434 audire
798 4382 876 4436 nobis
902 4381 1026 4434 videmur
1049 4381 1162 4433 barbare
1183 4381 1289 4446 prolata

127 4476 196 4532 velut
226 4476 255 4528 in
293 4491 374 4527 versu
407 4478 440 4526 60
472 4472 828 4541 crocum«rpoprttouoponq
865 4469 985 4537 vestigia
1018 4470 1129 4537 linguae
1168 4469 1288 4522 Graecae

44 4598 50 4615 ·
126 4569 208 4625 inesse
226 4565 355 4618 videntur
373 4559 662 4632 orlocxlrnrupolprllo.
