3066 5182
630 363 852 455 -19.-

263 558 335 641 Ego
369 559 402 622 in
429 559 581 623 versibus
605 560 738 622 31-34
762 557 973 621 restituendis
1009 557 1156 621 maxime
1191 557 1328 621 alteram

157 666 345 729 versionem
377 667 522 751 respexi,
559 687 626 750 quo
662 665 761 729 modo
790 687 820 729 v.
847 666 889 728 30
925 671 1010 728 recte
1035 665 1228 752 suppletum
1260 688 1329 730 esse

157 773 225 835 iam
251 772 409 837 vidimus.

265 879 304 942 In
329 901 427 944 versu
452 881 494 943 33
519 901 536 944 e
561 901 640 944 voce
665 877 767 957 αὗιοὶς
791 877 919 941 elucere
943 877 1026 940 mihi
1051 878 1183 942 videtur
1200 880 1331 943 mulier·

159 986 311 1049 cularum
347 986 413 1048 iam
450 987 558 1071 priore
594 1007 691 1050 versu
728 985 930 1048 mentionem
966 985 1091 1047 factam
1120 1007 1190 1049 esse
1221 987 1273 1070 (cf.
1299 1009 1329 1052 v.

165 1095 223 1155 196
248 1095 319 1160 ι’δοδ
336 1105 392 1158 καὶ
409 1099 443 1158 αἱ
459 1104 612 1175 γυναῖκες
630 1145 635 1156 .
651 1142 678 1154 ..
706 1089 970 1177 παραγίνονται).
1021 1090 1165 1155 Versum
1187 1093 1331 1178 denique

160 1202 204 1263 34
227 1200 326 1283 plane
351 1221 392 1262 ex
416 1199 517 1262 altera
536 1200 687 1264 versione
712 1219 814 1261 ausus
839 1219 912 1261 sum
939 1197 1082 1273 haurire,
1107 1219 1184 1262 cum
1208 1202 1331 1264 mirum

161 1327 232 1369 esse
249 1306 333 1369 mihi
358 1305 526 1370 videretur
544 1306 755 1370 venationem
780 1306 815 1368 in
833 1305 935 1368 altera
959 1312 1052 1388 parte
1068 1309 1331 1384 commemorari,

161 1414 195 1476 in
220 1413 320 1476 altera
347 1435 425 1490 non,
454 1434 557 1497 quam
575 1412 711 1496 quidem
735 1412 961 1475 coniecturam
976 1412 1146 1475 infirmam
1170 1435 1241 1478 esse
1267 1437 1331 1479 uon

162 1541 258 1601 nego.
636 1527 638 1531 ’

270 1625 334 1690 Sed
366 1625 408 1689 ad
433 1632 609 1709 sequentes
634 1646 750 1690 versus
788 1646 846 1687 nos
882 1632 1126 1703 convertamus,
1163 1628 1221 1710 qui
1257 1649 1334 1691 cum

163 1733 283 1815 integri
309 1733 375 1795 sint
397 1733 518 1808 traditi,
544 1753 612 1795 non
637 1732 682 1795 ita
707 1732 829 1794 multas
854 1731 1068 1795 difficultates
1093 1733 1261 1816 praebent.

272 1839 323 1902 Ad
349 1861 484 1904 versum
508 1841 561 1903 38
600 1839 767 1902 Winterus
803 1841 868 1922 (pg.
898 1839 952 1919 46)
977 1838 1113 1902 adnotat
1143 1840 1243 1917 ,haud
1268 1843 1335 1906 seio

163 1968 206 2009 an
226 1947 337 2030 pedite
356 1947 707 2030 stupidusporeorum
723 1945 808 2008 tiliae
823 1945 977 2029 appellet,
995 1967 1079 2028 quas
1096 1947 1185 2030 ipsas
1201 1970 1335 2033 quoque

163 2053 353 2117 soluturum
362 2074 396 2116 se
410 2074 480 2116 esse
491 2053 682 2137 promittat’,
695 2072 796 2136 qnam
811 2052 1005 2134 opinionem
1021 2061 1194 2136 propterea
1213 2063 1334 2119 rectam

162 2181 234 2223 nou
258 2181 328 2224 esse
354 2167 444 2244 puto,
470 2159 560 2244 quod
585 2160 619 2222 in
645 2159 810 2223 versuto
835 2157 937 2222 verba
960 2171 1017 2224 καὶ
1042 2153 1143 2228 οὗτοι
1168 2161 1209 2223 ad
1237 2163 1336 2225 verba

163 2268 331 2352 χοιριδίων
364 2275 544 2354 θογαιίρις
580 2266 744 2350 pertinere
775 2264 953 2328 verisimile
988 2272 1046 2329 est.
1106 2266 1235 2330 Deinde
1271 2271 1337 2332 iam

164 2381 264 2436 antea
294 2373 449 2436 mulieres
475 2380 553 2435 sunt
577 2371 900 2447 commemorandae,
934 2371 967 2434 id
992 2372 1081 2457 quod
1108 2373 1209 2437 verbo
1234 2379 1340 2454 αὐτοῖς

165 2502 234 2543 non
260 2479 339 2542 satis
363 2479 472 2543 lucide
496 2500 692 2563 expressum
716 2499 786 2542 esse
811 2477 895 2540 mihi
919 2478 1059 2543 videtur.

275 2588 327 2650 50.
353 2585 540 2648 Oharitium
558 2586 716 2649 barenas
735 2584 897 2647 redituros
914 2606 985 2648 esse
1002 2607 1069 2649 non
1087 2589 1201 2665 nescit,
1226 2590 1339 2674 itaque

166 2693 276 2776 spatio
301 2692 507 2755 deliberandi
532 2691 619 2766 dato,
646 2699 682 2753 ut
708 2691 786 2754 vino
810 2691 1044 2774 opprimantur
1070 2695 1187 2758 suadet
1211 2703 1243 2758 et
1265 2704 1340 2780 post

168 2821 305 2862 versum
329 2802 371 2863 ὁὸ
396 2799 550 2884 stupidus
567 2799 619 2863 vel
644 2798 728 2861 alius
746 2797 885 2881 quidam
909 2799 1017 2862 socius
1042 2821 1059 2862 e
1082 2822 1200 2864 scaena
1220 2803 1342 2866 recedit

168 2907 241 2970 vini
272 2906 460 2969 arcessendi
484 2927 594 2983 eausa,
632 2905 792 2990 quicum
828 2925 885 2967 rex
920 2926 1018 2969 versu
1043 2909 1085 2971 58
1110 2908 1201 2992 loqui
1226 2910 1342 2995 incipit

169 3013 406 3077 mmrmmm.

278 3119 316 3182 In
353 3137 452 3184 versu
477 3121 518 3183 52
554 3119 700 3183 dubitari
736 3128 843 3205 potest
878 3128 992 3184 utrum
1027 3120 1233 3204 significetur
1268 3144 1340 3186 eam

172 3226 344 3308 regionem
362 3226 479 3289 vinum
503 3247 570 3289 uon
597 3228 692 3300 ferre,
718 3228 751 3290 id
776 3228 866 3312 quod
888 3228 924 3291 W
929 3228 1054 3291 interus
1076 3236 1172 3312 putat
1195 3232 1260 3314 (pg.
1279 3232 1341 3312 25).

173 3335 227 3416 (ct'.
253 3333 348 3396 Kock
373 3333 436 3416 frg.
463 3354 517 3416 pg.
535 3335 588 3415 35)
613 3355 655 3396 an
682 3335 839 3416 reiigione
864 3335 1003 3398 vetitum
1028 3336 1069 3399 sit
1087 3334 1204 3398 vinum
1222 3336 1342 3414 bibere,

174 3462 276 3524 quem
312 3461 449 3503 sensum
479 3461 540 3522 ego
573 3440 812 3504 Britarinorum
836 3441 1069 3505 emendatione
1100 3441 1344 3526 (ἀπειθοῦντος)

175 3556 362 3611 commotus
398 3554 517 3610 statue.
576 3546 682 3610 Crusii
720 3556 833 3611 antem
868 3548 998 3637 δπιιροι
1029 3545 1120 3628 ὄντες
1148 3551 1252 3614 teneri
1279 3573 1343 3614 non

176 3662 293 3738 potest,
318 3675 393 3717 cum
420 3654 452 3716 in
479 3654 531 3717 his
557 3654 666 3717 verbis
691 3655 797 3718 littera
822 3664 859 3725 a,
885 3656 925 3718 de
950 3657 1045 3723 onius
1063 3656 1202 3721 lectione
1220 3658 1344 3740 ambigi

177 3783 243 3824 non
270 3767 386 3844 potest,
413 3781 480 3823 non
505 3768 620 3824 exstet.

286 3866 336 3928 ad
376 3888 492 3931 versus
527 3869 569 3931 53
605 3875 636 3930 et
672 3871 715 3932 54
744 3869 893 3946 afferam,
931 3891 1017 3954 quae
1052 3870 1086 3933 in
1123 3870 1284 3934 Drosillae
1316 3880 1347 3934 et

178 3973 338 4036 Chariclis
362 3973 461 4036 rebus
485 3974 647 4055 legimus:

338 4097 353 4159 I
381 4099 442 4160 162
465 4096 501 4163 οδ
525 4097 700 4189 βάρβαρον
724 4098 815 4180 φύσει
839 4101 902 4188 γαρ
926 4102 1069 4189 ἔγχαίριι
1092 4109 1228 4185 μέθαις,

468 4207 555 4289 φιλοῖ
577 4207 612 4271 δὲ
636 4224 770 4296 τρυφαῖς
794 4208 987 4272 ἐκδίδοσθαι
1013 4216 1069 4273 καὶ
1093 4206 1214 4284 πότοις,
1241 4257 1245 4264 -

182 4349 242 4391 nce
266 4329 347 4391 alios
372 4329 520 4412 ipsorum
546 4351 616 4391 esse
639 4330 798 4393 Indorum
821 4353 929 4394 mores
955 4353 1014 4395 nos
1038 4331 1133 4394 docet
1158 4332 1349 4396 Athenaeus

180 4438 271 4499 etta
307 4435 404 4520 ἴδηαι
442 4439 480 4501 δι’
514 4438 754 4521 (Ἀλέξανδρος),
790 4453 869 4524 aaut
902 4437 1046 4527 (λύρης),
1083 4451 1138 4504 καὶ
1175 4442 1241 4505 διδ
1278 4442 1351 4525 τήν

181 4545 413 4624 (φιλοινίαν
453 4548 537 4610 ι’ὦν
575 4545 724 4610 Ἰνδῶν
762 4558 817 4611 καὶ
854 4548 1194 4635 α’κραοοιιοσίας
1234 4540 1349 4629 circite

1106 4633 1137 4687 2*
