3066 5182
743 338 998 415 zn-

303 549 323 612 8
348 555 379 612 et
402 549 445 611 30
469 569 523 610 me
540 545 734 630 respexisse,
760 546 886 631 quippe
903 545 961 630 qui
979 545 1012 608 in
1031 545 1146 608 eadem
1166 545 1268 608 rerba
1286 544 1479 607 desinerent

303 655 461 744 (α’ργυριῖν
496 678 529 721 σε
565 655 771 740 ποιήσας-
803 681 843 739 ην
868 677 925 719 σου
958 655 1106 738 ποιήσας,
1144 652 1420 741 teleptae-paam)
1447 659 1479 714 et

304 783 463 826 versuum
493 764 534 825 27
560 768 592 824 et
622 762 664 824 28
689 781 823 824 sensum
857 761 981 823 firmari
1014 781 1110 824 versu
1145 763 1189 823 40
1213 758 1280 844 (καὶ
1305 753 1406 827 αὗται
1433 765 1479 836 εἰς

303 867 361 936 τὸν
387 871 557 954 trettnxov
580 865 784 953 πεφεύγασι).

411 975 492 1039 lnde
517 996 535 1038 a
561 996 658 1039 versu
683 976 726 1039 30
750 974 904 1059 stupidus
936 973 1059 1057 gaudio
1095 974 1200 1037 elatus
1236 973 1277 1036 ad
1312 973 1478 1056 templum

304 1104 339 1146 se
356 1083 520 1147 convertit
537 1089 568 1145 et
582 1080 767 1144 Obaritium
783 1082 944 1156 hortatur,
962 1088 998 1144 ut
1016 1080 1055 1143 de
1073 1080 1179 1144 salute
1196 1101 1307 1144 secum
1327 1080 1478 1143 laetetur.

306 1191 415 1273 Atque
451 1187 588 1252 Orusius
624 1188 760 1272 quidem
797 1187 889 1251 hunc
924 1209 1058 1253 versum
1096 1189 1233 1251 fratrem
1272 1208 1301 1264 ,a
1326 1185 1480 1249 barbaris

249 1331 252 1336 ·
304 1303 439 1380 captum
465 1302 497 1359 et
512 1296 637 1379 templo
654 1295 830 1359 inclusum'
857 1296 1050 1379 loquentem
1073 1296 1163 1359 facit.
1212 1294 1274 1358 Sed
1293 1316 1360 1378 quo
1377 1293 1481 1356 modo

305 1404 374 1466 lieri
401 1410 539 1487 poterat,
564 1411 602 1466 ut
625 1406 728 1466 trater
752 1424 787 1466 se
811 1424 882 1467 esse
906 1402 1084 1466 liberatum
1109 1402 1320 1478 exclamaret,
1345 1422 1411 1485 qua
1439 1399 1481 1463 de

306 1532 339 1575 re
364 1510 446 1574 nibil
472 1511 725 1594 comperimus?
777 1509 853 1574 Solo
878 1510 967 1572 enim
994 1509 1119 1594 stupidi
1143 1509 1290 1573 adventu
1325 1507 1480 1571 nondum

306 1626 375 1680 erat
400 1624 551 1681 servatus
580 1638 690 1701 neque
723 1615 862 1681 verbum
888 1620 1052 1706 λελυμένῳ
1077 1616 1186 1700 eloqui
1212 1622 1349 1699 poterat.
1409 1614 1482 1678 Nec

307 1724 413 1804 inagis
439 1723 579 1787 Winteri
605 1724 706 1787 verba
730 1722 795 1808 (pg.
822 1725 875 1806 llo)
901 1723 1027 1798 ,eodem
1054 1722 1154 1786 modo
1188 1731 1357 1806 praeterea
1382 1752 1401 1795 ς
1426 1721 1481 1785 vel

308 1836 388 1910 §ex
425 1830 570 1894 bostium
605 1831 761 1893 manibus
787 1830 956 1894 liberatur‘
989 1830 1162 1914 probanda
1195 1829 1361 1894 videntur.
1419 1827 1481 1891 Sin

306 1946 417 2002 autem
437 1937 592 2001 Orusium
610 1938 793 2022 sequimur,
812 1937 1041 2021 quaerendum
1068 1945 1126 2013 est,
1152 1936 1234 2021 quid
1253 1937 1341 2020 prior
1358 1957 1482 2016 scaena

309 2045 371 2108 sibi
390 2044 478 2120 velit,
496 2066 572 2108 eum
591 2046 831 2108 sententiarum
850 2045 932 2108 ratio
950 2044 1064 2108 deesse
1082 2045 1164 2107 mihi
1182 2043 1344 2109 videatur.
1383 2043 1483 2118 Quae

308 2152 409 2216 verba
438 2151 465 2215 si
494 2151 628 2235 stupido
653 2151 793 2225 dederis,
815 2173 932 2215 omnes
955 2151 1169 2216 difficultates
1194 2158 1292 2214 erunt
1317 2150 1481 2214 sublatae.

413 2275 567 2340 Ceterum
593 2298 660 2340 non
683 2276 857 2352 babemus
883 2296 942 2339 our
965 2276 999 2338 in
1017 2275 1080 2339 hoc
1097 2296 1195 2340 versu
1213 2275 1377 2360 explendo
1401 2295 1481 2338 cum

307 2384 424 2447 Crusio
449 2404 565 2449 vocem
591 2392 693 2471 Ιιύρία
720 2383 925 2458 omittamus,
952 2403 1027 2446 cum
1054 2391 1085 2446 et
1109 2404 1207 2447 versu
1231 2382 1390 2466 parallelo
1419 2384 1484 2446 188

307 2491 436 2572 legatur
460 2503 554 2576 nepta
580 2497 611 2553 et
635 2490 669 2552 in
696 2511 742 2553 vs.
768 2492 810 2552 42
835 2489 1021 2553 Cbaritium
1047 2504 1141 2579 κυρία
1166 2497 1311 2553 vocetur.

417 2613 480 2678 Sed
506 2614 546 2677 ad
572 2623 769 2698 sequentem
794 2636 928 2678 versum
946 2615 1235 2699 interpretandum
1262 2635 1322 2677 nos
1347 2614 1485 2696 longius

310 2729 455 2807 repetere
494 2742 628 2785 necesse
653 2729 709 2785 est.
759 2721 934 2786 Scae-meas
969 2743 1019 2785 res
1056 2725 1082 2784 si
1113 2723 1158 2785 ita
1183 2743 1254 2784 esse
1290 2721 1488 2797 statuimus,

309 2837 345 2892 ut
369 2828 532 2912 templum
557 2829 598 2892 ad
632 2850 722 2893 mare
752 2829 793 2892 sit
817 2830 917 2892 situm
953 2829 987 2892 in
1013 2828 1129 2892 acclivi
1155 2829 1246 2906 colle,
1284 2828 1372 2891 unde
1398 2828 1487 2892 liber

309 2937 351 2999 sit
363 2943 395 2999 et
411 2935 452 2998 ad
471 2956 561 2999 mare
579 2943 610 2998 et
626 2935 675 2998 ad
686 2943 807 2998 terrum
822 2944 1016 3020 prospectus
1030 2957 1168 2999 scaenae
1183 2936 1484 2998 commutationem

309 3043 379 3107 lieri
404 3064 471 3105 non
496 3049 631 3126 opertet.
692 3041 809 3106 Graeci
845 3043 934 3105 enim
972 3064 1038 3105 non
1077 3042 1193 3126 procul
1226 3063 1244 3105 a
1282 3042 1407 3126 templo
1441 3042 1486 3105 ad

310 3170 449 3213 ancoras
485 3149 680 3212 consistunt.
744 3149 860 3232 ltaque
899 3170 985 3233 quae
1010 3157 1086 3213 ante
1110 3150 1274 3233 templum
1312 3156 1486 3232 gerantur,

310 3256 434 3341 optime
458 3257 646 3340 prospicere
675 3263 825 3340 possunt.
880 3256 990 3331 Quam
1016 3256 1058 3319 ob
1084 3278 1151 3320 rem
1182 3256 1332 3320 barbaris
1356 3257 1488 3337 fugatis

310 3364 342 3440 ii,
368 3363 425 3446 qui
452 3362 485 3424 in
512 3383 597 3443 nave
627 3371 866 3439 remanserant,
903 3363 936 3425 in
974 3371 1096 3426 terram
1130 3363 1306 3426 escendere
1342 3363 1414 3425 ausi
1441 3363 1485 3425 ad

310 3469 474 3553 templum
510 3468 659 3532 veniunt.
723 3470 846 3553 Aliquo
886 3471 977 3534 eninr
1015 3470 1115 3533 modo
1150 3469 1213 3534 hae
1249 3490 1411 3554 personae
1450 3471 1487 3534 in

229 3566 231 3572 '
311 3597 467 3640 scaenam
492 3583 570 3638 sunt
593 3575 776 3652 ducendae,
801 3576 833 3639 id
858 3577 948 3660 quod
973 3577 1035 3640 hoc
1060 3577 1159 3639 modo
1184 3599 1250 3640 non
1277 3577 1386 3660 inepte
1410 3577 1486 3639 fieri

311 3682 417 3747 credo.
481 3681 520 3744 ln
545 3682 597 3745 bis
621 3690 670 3746 est
694 3681 831 3745 Charini
856 3685 967 3760 frater,
1005 3684 1063 3767 qui
1097 3704 1155 3747 cur
1190 3705 1256 3746 non
1294 3683 1422 3767 primus
1450 3683 1486 3747 in

230 3787 232 3790 ’
311 3797 434 3852 terram
459 3809 653 3872 progressus
678 3789 729 3864 sit,
755 3811 821 3851 non
847 3791 1081 3874 comperimus.
1130 3790 1162 3853 ls
1187 3797 1297 3853 autem
1325 3790 1433 3853 littera
1462 3799 1491 3855 Γ

312 3895 517 3978 significatus
542 3916 640 3958 versu
666 3896 705 3958 31
725 3895 881 3980 loquitur.

418 4001 493 4066 Hoc
516 4001 550 4064 in
568 4023 666 4065 versu
685 4001 822 4066 Orusius
846 4004 977 4088 scripsit
999 4003 1093 4070 lala
1115 4006 1263 4093 palpatam,
1289 4004 1377 4088 quod
1399 4005 1485 4068 mini

313 4131 378 4173 non
404 4109 521 4193 placet,
546 4130 624 4171 cum
659 4109 741 4173 nibil
777 4110 936 4173 interesse
970 4118 1094 4194 putem,
1130 4132 1171 4173 an
1204 4112 1357 4195 stupidus
1382 4133 1487 4176 rauca

312 4237 393 4280 voce
424 4215 581 4299 loquatur
612 4237 725 4278 necne.
784 4215 948 4300 (Ceterum
981 4219 1022 4279 cl.
1054 4219 1151 4281 1257
1181 4219 1485 4306 ssaptotg--raubl

314 4322 411 4398 Quod
437 4323 462 4384 si
488 4322 600 4385 fratris
624 4322 678 4386 vel
711 4323 885 4407 utriusque
911 4325 1091 4400 interesset,
1125 4325 1278 4408 strqtidns
1303 4326 1487 4390 summissa

315 4451 393 4495 voce
422 4429 512 4512 loqui
545 4429 697 4506 debebat,
723 4452 824 4514 quem
849 4452 983 4494 sensum
1011 4453 1040 4494 v.
1065 4438 1194 4519 βαρέως
1219 4453 1283 4493 non
1310 4432 1410 4495 babet
1440 4437 1485 4497 ct'.

314 4538 370 4601 Ar.
395 4535 475 4600 nub.
501 4557 531 4599 v.
558 4538 631 4600 716.
