3066 5182
657 349 788 414 ...23
835 383 876 394 ..

290 543 326 606 In
353 565 402 608 vs
427 545 470 609 58
495 552 526 608 et
550 566 615 628 ssq.
653 545 780 628 primas
804 553 915 628 partes
949 544 1167 609 barbarorum
1196 544 1264 627 agit
1289 567 1356 622 rex,

182 667 285 728 quem
324 651 478 734 stupidus
516 652 694 735 compellat
732 659 764 716 et
803 652 915 729 eludit,
957 633 1112 736 quotiens
1147 652 1248 716 verba
1285 652 1356 715 eius

182 765 294 820 mente
318 758 601 842 comprehendere
626 780 692 821 non
719 766 836 843 potest.
897 758 928 822 ls
960 767 1073 822 autem
1109 779 1241 822 summa
1279 779 1355 822 eum

182 863 287 926 animi
310 864 549 948 tranquillitate
575 865 700 948 stupidi
718 865 819 928 verba
845 866 999 948 neglegit.
1037 866 1188 929 Primum
1214 866 1354 929 verbnm

183 987 241 1032 rex
266 971 412 1055 loquitur
434 978 560 1060 stpadrg
577 979 608 1034 et
632 973 735 1034 frater
757 974 885 1058 μεριὸια
903 973 956 1036 vel
973 973 1080 1036 simile
1098 972 1224 1057 aliquid
1241 972 1356 1036 audire

182 1075 247 1139 sibi
273 1078 404 1142 videtur
429 1079 514 1141 sieut
538 1086 651 1162 postea
670 1100 710 1142 ex
727 1100 808 1142 voco
833 1082 875 1143 65
901 1081 996 1154 ζοπιτ
1013 1079 1128 1143 audire
1145 1079 1208 1143 sibi
1225 1079 1357 1144 videtur

182 1217 225 1228 ἱ
251 1187 306 1264 δός
339 1203 415 1251 πεῖν
439 1185 641 1268 (66)-επῑν,
702 1185 765 1248 Sed
802 1185 835 1248 id
871 1207 1005 1269 quoque
1041 1187 1110 1250 fieri
1147 1193 1284 1270 poterat,
1321 1195 1357 1250 ut

183 1287 286 1354 frater
332 1292 419 1372 regis
459 1292 596 1355 consilia
646 1314 663 1355 e
702 1292 851 1373 gestibus
891 1293 1093 1376 quibusdam
1134 1301 1356 1376 cognosceret.

183 1391 400 1463 Huluscnius
436 1398 572 1482 quidem
610 1400 643 1462 in
670 1399 785 1462 Herm.
812 1408 890 1463 torn.
920 1400 1004 1463 1904
1029 1422 1082 1483 pg.
1108 1402 1171 1464 307
1203 1422 1252 1484 sq.
1278 1400 1357 1464 dicit

185 1505 308 1590 βραθις
333 1527 403 1569 esse
428 1505 486 1569 ber
511 1505 616 1569 adisn.
654 1506 717 1569 Sed
744 1528 811 1569 non
842 1506 953 1570 minus
978 1506 1157 1570 verisimile
1182 1514 1231 1570 est
1254 1507 1356 1572 verbo

187 1614 309 1699 βραθις
332 1613 430 1696 longe
454 1612 543 1676 aliud
567 1613 747 1694 significari
772 1621 803 1676 et
828 1615 962 1678 fratrem
981 1614 1013 1677 id
1031 1620 1161 1678 tantum
1187 1615 1356 1699 percipere

189 1720 275 1798 qnod
290 1720 376 1797 velit,
395 1742 473 1783 oum
487 1721 634 1783 maxime
648 1721 718 1783 eius
735 1721 863 1784 intersit
882 1721 1040 1785 barbaros
1061 1722 1140 1786 vino
1157 1721 1355 1806 opprimere.

191 1823 239 1887 Ad
255 1849 338 1912 quae
356 1827 616 1890 demonstranda
635 1827 734 1891 velim
753 1829 916 1901 conteras
942 1849 1028 1912 quae
1047 1828 1110 1891 alia
1135 1828 1236 1892 verba
1254 1829 1357 1893 frater

189 1925 222 1992 in
245 1933 304 1998 huo
327 1934 423 1997 mimi
459 1941 552 2017 parte
583 1935 681 1996 faeiat
718 1936 809 1998 voa
846 1952 921 2001 πεῖν
956 1917 1011 2012 (lde
1045 1947 1170 2020 ταχέως
1203 1947 1288 2000 etv.
1314 1938 1356 1999 69

186 2034 300 2128 ὑδαρές
334 2043 433 2117 ἐστιν,
469 2043 553 2120 βάλε
593 2040 692 2106 οἶνον.
756 2040 809 2104 Sic
845 2041 933 2104 eninr
971 2064 1047 2105 enm
1087 2043 1355 2127 interpretamur,

180 2149 326 2213 statuere
351 2171 417 2211 non
444 2148 605 2211 debentne
637 2149 774 2210 fratrem
801 2148 1018 2211 barbarorum
1046 2148 1180 2231 linguae
1211 2149 1353 2233 peritum

172 2245 296 2330 fuisse,
333 2276 420 2338 quae
444 2235 586 2319 Winteri
622 2255 785 2317 sententia
820 2255 959 2318 minime
992 2255 1072 2318 milri
1109 2256 1224 2340 placet.
1284 2256 1354 2320 Etsi

167 2357 271 2425 enim
287 2363 351 2426 illis
369 2362 576 2445 temporibus
590 2362 642 2445 (ef.
659 2383 711 2445 pg.
726 2360 779 2447 lu)
798 2363 866 2424 lieri
884 2369 1022 2446 poterat,
1036 2370 1072 2426 ut
1090 2362 1191 2426 homo
1209 2362 1355 2426 Graecus

160 2453 334 2547 linguam
374 2468 535 2531 obscurae
568 2469 742 2531 cuiusdam
780 2470 888 2552 gentis
923 2468 1075 2544 disceret,
1100 2477 1213 2532 tamen
1250 2468 1355 2533 multo

159 2561 312 2639 facilius
349 2576 481 2639 evenire
515 2583 628 2638 eontra
665 2575 812 2659 potuisse
843 2583 934 2659 puto,
959 2576 1154 2659 praesertim
1191 2576 1355 2639 cumillis

156 2674 389 2768 temporibus
407 2682 521 2764 lingua
540 2681 665 2744 Graeca
684 2682 837 2745 onmium
854 2682 1030 2746 hominum
1057 2683 1246 2747 eommunis
1271 2690 1356 2746 esset

158 2791 301 2868 Sermo,
336 2790 431 2853 euius
465 2790 511 2851 rei
540 2789 731 2872 exemplum
771 2789 906 2872 praebet
931 2790 1023 2852 mimi
1051 2811 1116 2852 rex.
1154 2790 1196 2853 of.
1222 2789 1354 2854 Heliod.

164 2880 286 2958 38745
324 2909 380 2963 καὶ
416 2899 632 2988 ἀποστρέψας
671 2897 729 2960 τὸν
762 2898 859 2978 λόγον
891 2903 936 2974 εἰς
968 2898 1028 2982 τήν
1062 2899 1264 2983 Χαρίκλειαν
1299 2908 1355 2962 καὶ

171 2998 242 3082 Τὴν
268 3003 380 3091 φωνήν
397 3007 571 3087 ἑλληνίζων
595 3005 826 3081 (σπουδάζεται
842 3005 905 3088 γάρ
921 3002 971 3088 ἥδ’
990 2999 1010 3089 ἦ
1027 3006 1156 3086 γλῶττα
1182 3012 1239 3069 καὶ
1262 3000 1355 3090 παρά
1405 3019 1408 3026 “

182 3127 251 3189 τοῖς
279 3119 303 3173 Γ
302 3128 552 3195 νμνοσοιιισταῖς
575 3122 630 3175 καὶ
655 3113 847 3184 βασιλεῦσιν
872 3109 1065 3193 Αἰθιόπων)
1102 3118 1132 3173 et
1158 3109 1232 3173 Hel.
1259 3111 1355 3173 39417

186 3229 239 3282 καὶ
275 3215 293 3283 ὅ
327 3226 530 3303 Σισιμίθρης
598 3217 806 3302 Ειῗειήμησον.
835 3211 1038 3306 ἀπεκρίνατο
1062 3219 1240 3303 ἑλληνίζων
1275 3213 1355 3282 diora

189 3325 227 3408 μή
253 3328 289 3390 τὸ
315 3328 445 3409 πλῆθος
469 3323 599 3389 ἓπνιΐειν
623 3331 654 3385 et
679 3323 754 3385 Hel.
781 3323 890 3387 23830.

290 3467 337 3529 De
362 3467 514 3529 versibus
539 3468 671 3529 ol-ot
695 3488 780 3549 qnae
798 3466 1015 3529 Hultzselrius
1040 3466 1196 3529 disseruit
1220 3466 1260 3529 ad
1286 3487 1355 3550 per-

187 3573 391 3636 suadendum
412 3581 488 3656 apta
514 3595 584 3635 esse
603 3573 684 3634 milii
711 3594 775 3634 non
795 3573 959 3636 videntur.
1008 3573 1083 3656 Ipse
1108 3573 1197 3635 enim
1223 3594 1354 3636 summa

184 3702 257 3744 euni
284 3680 462 3761 sagacitate
487 3679 699 3760 demonstrat
724 3679 995 3762 miinograplnnn
1030 3687 1061 3742 et
1092 3680 1299 3743 eornmeroiis
1324 3688 1355 3743 et

184 3787 404 3867 legationibus
441 3786 613 3849 seientiam
651 3785 750 3847 liuius
775 3785 909 3868 linguae
946 3785 1009 3848 sibi
1045 3807 1162 3870 parare
1196 3785 1354 3869 potuisse.

183 3894 245 3957 Sed
271 3903 386 3957 auetor
411 3894 468 3976 qni
486 3894 620 3974 linguae
640 3893 764 3974 peritus
789 3900 846 3969 est,
873 3892 917 3954 ita
936 3893 1035 3956 verba
1062 3893 1139 3956 serit
1158 3900 1193 3955 ut
1217 3914 1353 3956 sensum

181 4001 373 4086 praebeant.
422 3999 638 4063 Hultnsehius
663 4007 785 4075 autern,
811 4007 847 4061 ut
872 4020 1007 4062 sensum
1034 3998 1135 4062 addat
1161 3998 1260 4061 verba
1286 4021 1353 4062 non

181 4109 225 4171 ita
258 4109 494 4190 interpretatur
529 4114 565 4168 ut
590 4113 731 4178 exstant,
768 4105 824 4168 sed
862 4106 992 4186 singula
1029 4104 1191 4168 exbausta
1227 4112 1353 4169 tractat.

181 4216 297 4297 Neque
323 4215 434 4276 minus
465 4213 575 4275 audax
600 4234 671 4274 osse
697 4212 777 4274 milri
812 4212 952 4285 videtur,
986 4211 1074 4295 quod
1107 4233 1148 4274 ex
1182 4233 1247 4275 una
1275 4233 1354 4275 voee

179 4329 306 4408 dpudrg
323 4321 409 4383 idem
433 4319 600 4382 eonelndit
618 4341 677 4381 nos
695 4340 770 4381 oum
790 4318 924 4381 Canada
951 4341 1018 4381 rem
1037 4317 1159 4380 babere
1183 4323 1249 4402 (pg.
1267 4319 1352 4401 307).

180 4429 312 4504 Quibus
337 4427 376 4490 de
403 4426 501 4490 rebus
526 4448 601 4489 enm
628 4426 698 4508 ipse
723 4424 869 4488 indicare
895 4448 959 4488 non
979 4446 1121 4510 possem,
1147 4424 1353 4488 avunculum

179 4557 293 4599 meum
318 4534 369 4597 'lh
406 4533 554 4598 Ndldelre
580 4532 880 4613 Strallburgensem
907 4531 1069 4607 consului,
1100 4531 1158 4622 qui
1183 4553 1217 4595 se
1240 4531 1352 4622 ipsum
