3066 5182
768 344 987 408 „2⁶2-

293 541 447 623 bindung
471 540 528 604 des
554 548 645 604 roten
664 539 791 603 Meeres
816 539 876 602 mit
904 539 1125 604 Alexandreia
1145 540 1256 604 wurde
1280 538 1339 602 der
1356 538 1470 601 Kanal

295 648 414 713 wieder
438 648 628 730 hergeetcllt
653 646 721 710 und
740 647 795 709 1111·
812 645 913 728 grclle
931 646 1130 710 Lastschitfe
1147 647 1286 710 fahrhar
1301 645 1469 728 gemacht,

293 756 356 818 den
387 755 490 818 schcn
518 754 654 818 Dareius
671 753 700 817 l.v
723 775 799 816 vom
826 752 985 817 ttstlichcn
1006 754 1132 817 Nilann
1160 754 1244 817 nach
1270 753 1469 816 (1151111151-

294 883 369 926 scen
405 860 541 944 gefuhrt
571 862 736 924 hatte...
777 860 874 923 Auch
905 859 958 923 dic
984 861 1203 943 Anbahnung
1234 859 1379 923 direkter
1412 859 1470 922 Be·

294 968 480 1051 ziehungen
507 969 567 1031 mit
591 967 709 1030 lndien
734 967 792 1030 hat
817 966 1054 1051 Philadelphus
1081 967 1265 1032 versucht.<‹

402 1075 466 1138 Sed
491 1074 532 1138 ad
558 1082 688 1138 nostrus
706 1094 822 1137 versus
840 1080 1004 1157 quantum
1031 1074 1101 1138 lieri
1120 1081 1227 1158 potest
1253 1072 1470 1157 explicandos

295 1204 356 1246 nes
380 1188 624 1246 convertamus

401 1288 472 1351 Iam
509 1295 607 1351 antea
632 1288 690 1367 (vs.
721 1289 1072 1371 11-165135-31)
1108 1287 1209 1351 verba
1245 1287 1387 1350 barbara
1420 1308 1470 1350 oc·

296 1403 443 1471 currunt,
462 1395 585 1479 quibus
602 1394 685 1457 nihil
703 1393 792 1457 aliud
811 1394 990 1476 significari
1008 1394 1153 1458 iudicavi
1171 1416 1272 1478 quam
1291 1394 1470 1458 hominurn

296 1501 640 1588 appropinquantium
659 1500 852 1578 tumultum,
869 1523 968 1585 quem
988 1501 1053 1564 iam
1072 1502 1186 1584 augeri
1204 1501 1409 1565 musicorum
1424 1501 1468 1564 in-

296 1617 558 1674 strumentorum
573 1607 711 1692 strepitu
726 1615 873 1692 apparet.
911 1608 976 1671 Sed
989 1616 1100 1672 tamen
1119 1608 1189 1671 fieri
1204 1629 1270 1671 non
1280 1629 1377 1692 posse
1387 1608 1471 1691 quin

296 1718 378 1780 haec
400 1715 619 1779 barbarorum
638 1714 738 1778 verba
756 1735 857 1777 sensu
874 1722 1009 1778 careant
1032 1722 1064 1778 et
1080 1717 1147 1778 51111
1168 1714 1207 1797 of
1219 1737 1262 1778 aa
1286 1716 1473 1797 iraapr'aurp

296 1829 410 1888 nature
449 1822 516 1907 (Gr.
553 1821 598 1885 H.
630 1843 684 1906 pg.
718 1822 782 1904 43),
819 1821 1030 1885 Sudhausius
1066 1844 1119 1885 me
1154 1822 1258 1885 docet.
1318 1821 1471 1884 Primum

297 1931 386 1995 enim
422 1930 456 1992 in
493 1929 545 1992 his
582 1927 733 1992 versibus
769 1936 892 1992 certam
930 1928 1138 2012 diligentiam
1175 1927 1360 1991 adhibitam
1398 1949 1473 1991 esse

297 2036 461 2113 videmus,
486 2057 562 2098 cum
589 2035 700 2118 plures
724 2034 851 2098 litterae
876 2035 971 2098 uncis
996 2035 1062 2098 sint
1078 2035 1236 2099 inclusae.
1285 2034 1411 2098 Deinde
1437 2035 1471 2097 in

298 2166 329 2208 v.
359 2145 397 2206 13
422 2164 487 2206 nen
514 2142 585 2205 sine
621 2142 748 2205 ratione
782 2149 964 2206 correctum
993 2164 1063 2206 esse
1088 2149 1205 2226 potest,
1242 2141 1283 2204 ad
1309 2163 1395 2226 quae
1419 2141 1473 2206 de-

298 2248 516 2314 monstranda
541 2248 613 2312 illes
637 2269 754 2312 versus
778 2247 845 2312 huc
869 2249 1008 2312 afferam

671 2364 739 2420 Κοι.
766 2362 931 2445 αβορατον

510 2461 950 2549 μαλαλαγαβρουόιττακοτα

646 2571 748 2635 adana

511 2657 907 2746 paeassllcdcreallpanpov
930 2684 1023 2725 τιννα

674 2767 947 2852 aisiamenta

514 2871 532 2956 11
579 2874 728 2953 ranan
757 2874 788 2954 1·
810 2871 848 2956 nr
874 2901 1024 2962 laetula

407 3016 561 3098 Denique
586 3014 720 3077 alterius
738 3014 879 3078 schedae
896 3016 1007 3080 verbis
1032 3037 1107 3079 cunr
1127 3015 1261 3079 alterius
1279 3019 1474 3100 compositis

300 3146 367 3188 nen
393 3143 471 3187 casu
496 3121 598 3185 verba
624 3121 744 3184 similia
769 3128 898 3185 exstare
923 3129 1073 3206 pessunt.

571 3248 608 3309 11

515 3359 680 3441 αβορατυν

572 3461 612 3523 12

537 3595 616 3632 κοῖα

570 3675 608 3737 31

537 3784 628 3846 dalea

570 3889 612 3951 32

537 3997 663 4061 harda
1124 4000 1242 4062 λιαντα

571 4102 614 4164 311
1146 4105 1211 4166 204

561 4237 597 4274 αι
1136 4239 1171 4275 αι

538 4305 681 4386 appar&
1008 4327 1010 4330 ·
1048 4300 1112 4361 212
1136 4327 1232 4383 μινει.

411 4421 505 4496 Quae
529 4443 604 4485 cum
630 4423 675 4485 ita
701 4422 768 4484 sint
791 4423 850 4484 etsi
869 4422 1016 4485 studium
1043 4424 1141 4486 etiam
1168 4425 1275 4506 magis
1300 4426 1476 4505 excitatur,

303 4534 415 4594 tamen
441 4549 508 4592 non
530 4528 627 4594 facile
652 4529 809 4613 cuiquam
832 4529 1010 4612 continget,
1028 4529 1089 4594 hos
1114 4552 1229 4595 versus
1248 4538 1283 4594 ut
1307 4532 1476 4617 explanet.
