3066 5182
652 353 872 419 ‚21-

153 558 272 614 Versu
289 553 331 615 39
345 552 499 618 ἀπολύσω
517 552 657 614 fortasse
674 572 744 614 esse
762 551 934 618 cinctorium
952 546 1005 634 (cf.
1024 570 1054 612 v.
1073 550 1115 611 56
1133 546 1343 631 ,laromam

162 665 292 721 Vocem
306 659 462 726 α’πολύσω
480 679 612 721 menon
628 658 817 739 intellegere
831 655 1193 738 confiteorlchayser
1209 675 1263 738 pg.
1280 656 1343 735 991

171 765 204 821 tl
245 765 404 830 Wilclren.
436 765 553 829 Herm.
580 767 621 829 28
647 787 700 848 pg.
738 767 797 828 231
838 761 1343 851 ὑπάρχυσαν-τ-11πάρχοι·σαν);

180 859 302 936 Verum
328 872 498 936 tamenin
524 894 623 936 uersu
648 874 712 935 999
727 875 809 958 piso
834 893 894 955 pro
919 871 1006 948 ἕλεος
1027 869 1187 953 scriptum
1213 888 1293 943 esse,
1311 867 1343 930 id
1412 864 1414 866 ’

186 979 266 1057 quod
282 979 418 1042 Crusius
433 986 536 1063 putat,
551 978 729 1043 verisimile
752 1000 817 1040 non
837 985 895 1041 est.
923 977 1032 1058 Pergit
1054 976 1142 1040 enim
1158 974 1343 1038 Charitium

189 1087 402 1170 postquamad
418 1086 667 1150 defendendum
680 1085 853 1169 stupidum
868 1083 1024 1148 clamavit
1035 1091 1114 1167 παρ’
1130 1086 1224 1170 ἡμῶν
1241 1081 1344 1164 totid)

189 1188 236 1256 ie.
250 1193 445 1257 nostratium
460 1201 522 1256 est:
546 1186 602 1260 oriz
618 1187 762 1279 11191μᾶ
777 1193 837 1278 τήν
854 1190 1016 1278 ''Alprrpnr
1038 1192 1094 1256 ἐπὶ
1113 1196 1173 1278 βίᾳ
1189 1188 1251 1253 vel.
1269 1188 1344 1251 sim.

282 1299 321 1363 In
346 1321 443 1364 versu
480 1302 521 1363 56
553 1322 620 1362 uon
657 1298 740 1385 perd
766 1301 1011 1380 roirlyrunraaia
1045 1296 1236 1359 addendum
1273 1316 1345 1359 esse

185 1405 345 1470 Winterus
385 1413 489 1490 putat,
530 1427 606 1469 cum
652 1407 688 1469 in
727 1405 945 1488 sequentibus
985 1403 1136 1467 versibus
1176 1422 1342 1486 nusquam

181 1514 353 1576 mulierum
379 1513 505 1576 mentio
530 1512 595 1576 fiat.
655 1512 721 1575 Eos
750 1511 838 1574 enim
865 1518 1001 1586 actores
1038 1510 1096 1593 qui
1131 1509 1232 1593 paulo
1267 1515 1344 1587 ante

177 1621 354 1684 mulierum
387 1627 497 1704 partes
529 1620 665 1701 egerint,
701 1618 909 1682 vestimentis
934 1617 1070 1680 nurtatis
1106 1615 1192 1679 virili
1226 1615 1344 1678 habitu

172 1749 213 1791 ac
237 1728 357 1792 vestitu
390 1728 422 1789 in
460 1747 614 1790 scaenam
641 1725 804 1811 progredi.
864 1723 927 1787 Sed
954 1723 1122 1787 Winterus
1158 1722 1240 1785 mihi
1276 1743 1344 1784 uon

170 1815 361 1919 persuadet,
387 1833 582 1918 praesertim
600 1854 675 1897 cum
702 1833 822 1895 ruimus
840 1852 975 1914 quoque
1000 1830 1032 1892 in
1051 1829 1182 1910 magnis
1207 1828 1344 1891 theatris

169 1949 264 2005 actos
281 1963 351 2004 esse
368 1948 504 2017 constet,
523 1940 693 2004 scaenicae
710 1940 811 2021 igitur
828 1938 1040 2002 difficultates
1062 1937 1159 2000 tuelle
1177 1935 1345 2020 potuerint

169 2048 332 2132 expediri.
380 2047 443 2110 Sed
469 2055 580 2111 tamen
607 2047 687 2109 illud
713 2046 984 2130 supplementum
1011 2050 1059 2107 est
1084 2043 1258 2107 incertum.

281 2154 320 2218 In
344 2176 442 2219 versu
464 2157 505 2218 ol
532 2154 662 2217 barhari
689 2155 808 2217 iterum
834 2153 867 2215 in
894 2173 1049 2216 scaenam
1073 2149 1342 2235 progrediuntur,

169 2283 317 2346 quorum
333 2262 372 2325 de
383 2262 496 2343 lingua
508 2261 885 2344 paucaliceatproferre.
912 2256 1344 2339 Utauteaversuscorrupti

169 2369 339 2432 maximas
370 2367 583 2432 difficultates
616 2367 832 2451 praebebant,
867 2367 911 2429 ita
944 2387 1033 2428 nune
1061 2363 1342 2427 barbarorum

168 2475 325 2552 verba,
360 2475 484 2559 quihus
508 2495 594 2558 quae
619 2475 852 2537 contineantur
877 2495 959 2536 num
984 2493 1136 2555 uuquam
1159 2470 1258 2553 plane
1282 2490 1343 2533 nos

167 2583 360 2666 percepturi
374 2583 479 2644 simus
493 2580 617 2644 dubito.
645 2580 799 2644 Ceterum
814 2581 846 2642 iu
862 2578 995 2642 fabulas
1008 2586 1180 2641 externam
1192 2576 1343 2656 linguam

168 2689 273 2752 inseri
291 2688 424 2771 saepius
442 2687 643 2763 invenirnus
662 2693 697 2748 ut
712 2687 863 2770 exempla
881 2686 1019 2748 atteram
1040 2683 1145 2747 Plaut.
1164 2684 1253 2747 Pers,
1270 2685 1342 2759 194,

167 2796 274 2859 Poen.
289 2797 432 2878 93tlssq.
452 2793 620 2877 Aristoph.
641 2793 722 2856 Aah.
744 2795 815 2870 100,
834 2780 919 2866 991,Ἰ
933 2813 984 2854 av.
1004 2792 1077 2863 220,
1104 2791 1227 2854 Eccles.
1249 2791 1342 2861 1170,

167 2903 250 2986 Lys
272 2904 331 2965 168
342 2923 450 2985 neque
475 2900 588 2983 negari
615 2907 721 2983 potest
746 2900 866 2963 nostris
902 2919 1036 2983 quoque
1061 2897 1268 2980 temporibus
1298 2917 1342 2959 re·

166 3008 613 3092 husperegrinisverhisque
625 3007 726 3069 risum
740 3007 835 3070 facile
846 3006 981 3069 neven.
1007 3005 1137 3067 Indiam
1148 3011 1260 3066 autem
1270 3010 1341 3065 tum

166 3115 320 3179 maxime
349 3115 551 3177 Graecorum
589 3114 699 3177 studia
735 3114 895 3177 excitasse
926 3113 1049 3176 scimus
1074 3119 1105 3174 ct
1144 3110 1244 3174 velim
1269 3131 1343 3173 con-

165 3224 271 3297 feras,
311 3243 397 3304 (puae
437 3222 591 3304 exposuit
631 3221 773 3283 Beloch:
811 3218 1024 3282 Griechische
1056 3217 1254 3281 Geschichte
1283 3216 1341 3292 ΙΙΙ1

166 3351 226 3414 pg.
271 3326 327 3390 ‘291
378 3328 491 3391 »Auch
532 3328 584 3390 die
625 3327 754 3390 Kristen
804 3327 861 3390 des
901 3325 1164 3389 iudischen
1213 3322 1342 3386 Ozeaus

167 3418 303 3499 werden
345 3437 424 3517 jetat
463 3435 537 3496 dem
579 3434 807 3515 griechischen
846 3431 977 3496 Handel
1015 3432 1171 3513 gehffnet.
1232 3429 1340 3493 Schon

167 3541 365 3606 Alexander
406 3542 568 3617 hattein
610 3541 667 3603 der
710 3540 992 3620 lrulusmiiudung
1032 3539 1104 3601 eine
1138 3537 1342 3601 Hasenstadt

164 3649 515 3731 angelegt....25l2.
576 3648 659 3710 Seln·
691 3648 754 3710 viel
788 3647 882 3710 mehr
915 3646 1023 3709 haheu
1065 3645 1117 3708 die
1158 3644 1342 3707 Ptolemaer

163 3759 228 3820 fiir
268 3755 319 3818 die
359 3755 603 3833 Erschliessung
636 3754 693 3816 des
734 3753 906 3817 irnlischen
937 3753 1066 3816 anans
1105 3760 1213 3833 getan.
1285 3751 1341 3814 Be-

164 3863 251 3927 reits
282 3870 379 3925 unter
411 3861 505 3925 Soter
536 3861 645 3924 haben
680 3861 732 3923 die
760 3859 1134 3938 Entdeclumgst'ahrten
1171 3860 1230 3921 aut
1265 3857 1342 3920 dem

164 3978 264 4033 roten
303 3969 411 4032 Moero
447 3969 690 4050 hegennen...
731 3968 835 4031 Unter
871 3967 1108 4050 Philadelphos
1145 3964 1215 4027 und
1242 3964 1340 4028 Euer-

163 4085 263 4158 getes
308 4075 419 4138 uurde
468 4075 558 4138 dann
599 4075 694 4156 ltings
735 4075 792 4137 der
831 4073 1080 4136 alrilrauischen
1121 4072 1227 4134 Kiiste
1275 4093 1339 4135 von

163 4183 248 4247 dem
274 4182 353 4244 Golt'
377 4203 442 4245 von
468 4181 550 4244 Sues
575 4181 625 4244 his
651 4203 708 4244 aur
733 4181 848 4244 Stratie
874 4203 937 4243 von
957 4179 1027 4242 Bab
1052 4179 1079 4241 el
1098 4177 1244 4241 hlandeh
1269 4178 1341 4240 eine

162 4311 276 4374 ganze
301 4289 406 4352 Reihe
438 4310 502 4351 von
538 4287 877 4351 Handelsfalrtoreieu
912 4286 1130 4368 angelegt...
1166 4284 1232 4348 Zur
1263 4283 1341 4348 Ver·

280 4553 300 4623 ¹)
317 4556 351 4610 cf.
371 4555 581 4619 Radermacher,
601 4553 700 4608 Philet.
724 4558 798 4613 1904,
819 4571 862 4620 pg.
887 4558 924 4608 11.
