3066 5182
781 362 1001 426 „20-

306 574 363 628 καῖ
378 553 418 648 ἧν
435 553 546 628 ἆθλον
563 563 608 650 τῷ
624 567 684 646 μὲν
701 561 817 649 πρώτῳ
833 561 1008 633 τάλαντον,
1025 557 1070 648 τῷ
1087 558 1122 625 δὲ
1139 557 1275 647 ὄιοτέρῳ
1300 553 1479 645 τριάκοντα

306 678 393 752 μνᾶς
415 680 471 734 καῖ
494 669 539 758 τῷ
562 681 656 756 τρίτῳ
681 669 769 732 δέκα.
810 660 961 734 auroris
985 667 1212 732 acerrumis
1247 667 1336 730 οἶνον
1371 690 1480 746 παρα·

306 784 414 866 χρῆμα
432 774 648 861 ἐτελεύτησαν
669 775 733 840 rinei
751 783 807 842 τοῦ
828 771 951 863 ψύχους
968 772 1144 863 τριάκοντα
1162 784 1218 837 καὶ
1235 783 1343 846 πέντε,
1362 769 1480 858 μικρὸν

307 886 344 949 δὲ
369 883 578 960 διαλιπόντες
595 882 631 948 ἐν
647 899 719 960 ταῖς
742 899 873 968 σκηναῖς
896 886 931 958 ἕξ
954 880 1008 965 (b).
1039 882 1111 946 ᾰόὲ
1134 882 1286 946 πλεῖστον
1310 880 1399 945 πιών
1423 890 1479 942 καὶ

307 988 441 1076 νικήσας
464 988 515 1056 ἴπ
526 1017 564 1054 ιε
587 996 635 1074 μὲ
649 1015 666 1053 ν
690 992 742 1055 αἰι
753 1017 770 1076 ρ
781 989 803 1053 οἱ
814 1014 885 1054 τον
910 988 988 1071 χοοῖς
1003 999 1164 1074 τέσσαρας
1180 998 1235 1053 καὶ
1259 982 1295 1051 το
1313 987 1480 1050 τάλαντον

306 1095 435 1172 ἔλαβον,
450 1097 611 1174 institurus
624 1097 658 1161 (ii
673 1097 795 1182 sintque
808 1107 978 1181 τέσσαρας.
1003 1095 1180 1159 ἐκαλεῖτο
1198 1094 1237 1158 δὲ
1258 1089 1477 1182 Πρόμαχος.

308 1202 383 1278 Quo
407 1202 478 1266 icco
503 1202 646 1286 perlecto
671 1222 736 1264 non
761 1201 882 1264 iniuria
914 1200 1067 1264 concludi
1091 1221 1187 1284 pesse
1211 1207 1293 1282 nuto
1317 1219 1383 1275 eos,
1421 1197 1477 1281 qui

309 1309 418 1374 verbis
443 1311 609 1397 πρόμαχοι
634 1315 665 1371 et
690 1309 811 1395 πρόμοι
835 1307 877 1392 (ν.
892 1308 945 1390 90)
970 1307 1210 1389 significantur,
1229 1305 1362 1369 easdem
1381 1325 1479 1386 agere

307 1423 426 1500 partes.
474 1415 568 1479 Certe
593 1415 731 1499 quidem
747 1414 909 1478 Indorum
931 1435 1039 1478 mores
1064 1414 1179 1498 quales
1203 1419 1350 1476 encstro
1374 1410 1479 1473 mimo

307 1523 539 1604 cognoscimus
563 1521 626 1585 hoc
651 1521 803 1605 exemplo
828 1521 952 1605 optime
976 1520 1194 1584 illustrantur.

416 1645 466 1709 Ex
497 1646 715 1730 sequentibus
747 1646 898 1710 versibus
924 1645 991 1707 iam
1026 1644 1188 1707 nonnulla
1225 1643 1326 1706 verba
1351 1641 1480 1705 Graeca

308 1753 520 1838 praecipiam.
570 1752 620 1815 Ad
647 1774 693 1816 vs
724 1754 766 1816 60
797 1753 839 1816 cf.
866 1752 922 1816 Ar.
947 1750 1151 1834 Thesmoph.
1190 1752 1254 1814 784
1276 1747 1411 1828 βάσκετ’
1450 1755 1481 1810 et

309 1860 413 1923 Plant.
442 1859 560 1924 Pseud.
587 1861 647 1921 ‘241
678 1859 800 1939 loquere
834 1863 927 1938 atque
960 1860 973 1921 ι’
1007 1859 1042 1920 ιἰι
1078 1857 1197 1920 arulam
1230 1878 1349 1921 erucem
1381 1863 1411 1919 et
1437 1855 1480 1918 ai.

309 1966 348 2029 V.
374 1969 425 2031 66.
452 1985 527 2033 πεῖν
550 1967 606 2045 ride
636 1966 678 2029 cf.
705 1965 855 2048 Wessely
885 1964 905 2028 1.
931 1985 957 2028 c.
975 1986 1038 2048 pg.
1062 1965 1151 2027 41807
1180 1964 1276 2030 δώσει
1302 1981 1384 2030 mar.
1426 1965 1480 2026 69.

307 2073 400 2137 idem
435 2075 521 2152 βάλε
551 2075 640 2140 οἶνον
668 2072 860 2136 invenimus
890 2071 923 2134 in
961 2070 1199 2135 Anacreonteis
1223 2072 1274 2134 50.
1313 2074 1368 2150 ὸός
1390 2067 1483 2158 ὕδωρ

306 2178 384 2256 βάλ’
403 2179 493 2246 οἶνον
510 2186 541 2242 et
558 2178 657 2243 veiim
676 2179 828 2242 conferas
847 2177 995 2262 Wessely
1012 2178 1031 2240 l.
1050 2199 1074 2242 c.
1094 2179 1158 2241 328
1181 2179 1299 2273 statuis
1323 2183 1369 2257 ιίς
1394 2179 1481 2243 aava

306 2283 395 2375 {irinc
418 2294 449 2350 et
473 2307 521 2350 vs,
546 2287 610 2350 662
634 2284 710 2365 βάλ’
733 2285 845 2351 ι’·’λαιον
870 2292 901 2347 ct
925 2286 999 2347 ⁶224.

414 2410 451 2473 In
489 2431 537 2474 vs,
574 2411 625 2474 68.
652 2431 800 2494 papyrus
836 2407 937 2471 habet
973 2434 1205 2493 αμηνγιαινων,
1235 2430 1379 2492 querum
1411 2430 1484 2473 ver-

309 2517 427 2580 borum
444 2537 579 2580 sensum
599 2515 786 2591 ‚curiusunr’
805 2515 897 2593 illud,
923 2516 1012 2599 qnod
1031 2515 1178 2579 Blassius
1202 2516 1334 2579 vocavit
1350 2514 1483 2598 (Herm.

311 2625 403 2700 1899,
440 2623 526 2706 312),
567 2622 713 2685 indicare
753 2621 894 2686 videtur.
957 2622 1006 2685 Εο
1039 2622 1127 2686 enim
1164 2622 1234 2686 loco
1267 2622 1353 2684 tilius
1387 2621 1483 2685 domi

308 2731 440 2793 relictus
466 2729 550 2814 patri
575 2729 709 2792 scribit:
735 2730 773 2794 ον’
797 2732 841 2816 μή
867 2727 988 2817 γράψω
1015 2753 1047 2794 σε
1065 2731 1241 2815 ἐπιστολήν
1265 2729 1339 2795 οὔτε
1364 2727 1482 2813 (intell.

308 2837 358 2899 bis
383 2838 470 2922 οὐδέ)
494 2839 584 2902 λαλῶ
601 2859 635 2902 σε
651 2837 725 2904 οὔτε
741 2832 858 2918 rimare>
884 2859 919 2900 σε
943 2835 1024 2919 (und
1041 2835 1260 2917 gesundheite
1285 2834 1361 2898 dich
1387 2835 1485 2898 nicht

310 2945 439 3026 t'crtan).
465 2944 507 3006 cf.
526 2943 581 3006 Ar.
600 2943 687 3007 Eccl.
705 2945 780 3006 477.
806 2942 879 3008 ἄλλ’
896 2945 961 3026 εἶμι
977 2963 982 2974 ·
997 2944 1035 3009 σύ
1053 2944 1210 3024 annana
1226 2954 1281 3008 καῖ
1305 2943 1346 3009 στ’
1361 2947 1399 3024 γ’.
1438 2942 1485 3006 Et

308 3051 342 3113 in
364 3031 408 3134 ,ιιη
432 3075 589 3132 νγιαινων
613 3049 721 3113 inesse
745 3053 789 3135 μή
805 3046 941 3132 ιῖγίανον
965 3048 1259 3114 verisimillimum
1279 3056 1336 3112 est.
1384 3048 1482 3112 Idem

307 3157 395 3219 enim
433 3156 547 3219 mendi
576 3177 692 3237 genus
718 3166 754 3219 ut
778 3156 842 3219 alia
868 3156 1030 3233 omittam,
1056 3155 1207 3220 invenies
1231 3156 1264 3218 i'n
1290 3156 1384 3232 libre,
1421 3158 1483 3239 qui

307 3262 508 3338 inscribitur,
523 3263 648 3326 notices
663 3270 694 3326 et
707 3263 843 3326 extraits
857 3264 914 3326 des
931 3262 1131 3326 manuscrits
1149 3263 1189 3326 de
1206 3262 1236 3325 ia
1251 3262 1484 3347 bibliotheque

263 3370 264 3374 ’
307 3369 478 3454 imperiale
503 3369 640 3454 (XVIII,
666 3369 759 3433 Paris
790 3369 881 3455 laus)
912 3369 962 3432 bis
987 3371 1075 3433 etin
1101 3391 1156 3454 pg.
1183 3373 1247 3433 285
1278 3377 1310 3432 et
1333 3371 1398 3432 312
1424 3380 1485 3436 καὶ

307 3478 408 3554 αὐτὸς
432 3476 650 3559 δ’ύγίαινον,
676 3497 762 3560 qnae
779 3476 893 3540 eadem
912 3477 1021 3539 forma
1046 3485 1154 3539 exstat
1170 3475 1260 3559 apud
1278 3476 1482 3540 Wesselium

308 3583 326 3645 l.
352 3603 378 3645 e.
405 3583 478 3658 263,
517 3603 583 3666 qua
618 3604 652 3646 re
687 3584 876 3646 coniectura
913 3590 1024 3645 nostra
1063 3584 1191 3645 firmata
1228 3604 1299 3646 esse
1337 3582 1482 3648 videtur.

307 3688 356 3752 De
391 3688 507 3752 litteris
543 3699 654 3752 antem
691 3718 714 3754 ω
745 3697 815 3755 eto
853 3690 988 3752 mutatis
1021 3689 1121 3753 velim
1158 3691 1311 3753 conferas
1347 3689 1484 3773 Mayser

306 3817 360 3879 rs-
387 3794 454 3881 97¹)

414 3919 478 3983 Sed
504 3920 536 3982 in
563 3919 625 3982 hac
650 3920 816 3983 vocalium
840 3919 1009 3984 collisione
1037 3941 1299 3983 ccnnncrnnrare
1325 3921 1420 3984 liceat
1444 3923 1481 3986 in

414 4294 432 4360 ¹)
451 4293 508 4346 Der
522 4293 707 4359 quantitative
727 4293 781 4346 und
801 4293 965 4359 qualitative
982 4294 1163 4348 l'ntersehierl
1177 4295 1225 4347 ‹ler
1238 4295 1335 4348 beiden
1355 4294 1482 4349 (tharne

375 4382 443 4434 wird
470 4383 523 4434 seit
550 4383 609 4434 (iem
637 4383 745 4450 Regina
772 4383 818 4435 des
847 4389 871 4436 2.
891 4384 989 4436 Jahrb.
1017 4401 1041 4434 v.
1063 4384 1126 4437 Chr.
1152 4383 1307 4437 vern'ischt
1337 4404 1351 4432 ο
1375 4385 1431 4436 und
1460 4406 1481 4436 ω

306 4471 414 4523 werricn
442 4471 562 4523 viettach
578 4480 751 4537 *vermengt‘
799 4473 833 4523 cf.
861 4472 935 4524 Weil
963 4489 1056 4539 papyr.
1083 4473 1165 4524 Illi-1
1192 4471 1221 4523 ιό
1251 4471 1346 4541 παρών
1372 4478 1424 4526 etc.
1452 4485 1483 4527 ct

306 4560 519 4612 Radermacher:
541 4560 643 4626 griech.
664 4560 906 4627 Sprachgebrauch
925 4560 997 4617 Phil.
1022 4566 1096 4629 1903,
1117 4567 1140 4614 5.
