3066 5182
645 345 866 434 -ra-

277 541 349 625 Ego
384 542 417 604 in
443 541 595 606 versibus
620 542 752 605 31—34
776 538 988 602 restituendis
1024 539 1170 602 maxime
1206 538 1342 602 alteram

151 648 360 712 versionem
396 649 536 733 respexi,
573 669 640 733 quo
676 647 775 710 modo
804 669 835 710 v.
862 648 904 709 30
939 653 1025 709 reete
1050 646 1243 733 suppletum
1274 668 1343 711 esse

161 738 239 816 'lam
266 755 423 819 vidimus.

279 861 319 925 In
343 882 441 926 versu
466 863 508 925 33
533 883 551 926 e
576 883 655 925 voce
680 857 781 938 οδιοὶς
806 859 933 923 elucere
957 858 1040 921 inihi
1066 859 1197 922 videtur
1214 860 1345 923 mulier-

181 966 325 1032 cularum
361 969 428 1032 iam
464 969 572 1053 priore
609 989 706 1032 versu
742 966 945 1030 mentionem
981 967 1105 1028 iactam
1135 986 1205 1030 esse
1235 968 1287 1050 (f.
1314 990 1344 1032 v.

190 1072 240 1138 19ss
262 1077 333 1143 ι’δοδ
350 1087 406 1142 καὶ
424 1081 457 1140 αἱ
474 1086 626 1157 γυναῖκες
644 1126 650 1138 .
666 1124 693 1136 ..
720 1071 984 1159 παραγίνονται).
1035 1071 1179 1136 Versum
1202 1074 1346 1158 denique

188 1179 223 1243 34
243 1182 341 1266 plane
366 1203 406 1245 ex
431 1182 532 1246 altera
550 1182 702 1245 versione
727 1201 828 1243 ausus
853 1200 928 1242 sum
953 1179 1097 1254 haurire,
1122 1201 1200 1243 enm
1223 1182 1345 1245 nrirurn

187 1307 248 1352 esse
263 1289 348 1352 mihi
372 1289 541 1352 videretur
557 1288 771 1352 venationem
796 1288 830 1349 in
848 1285 950 1348 altera
974 1294 1067 1369 parte
1082 1291 1346 1364 commemorari,

184 1395 214 1458 iu
236 1395 336 1459 altera
363 1417 440 1473 non,
469 1416 572 1479 quain
590 1394 726 1478 quidem
750 1393 976 1456 coniecturam
992 1380 1161 1456 infirmam
1185 1417 1255 1458 esse
1281 1417 1346 1459 non

180 1523 273 1584 nego.

284 1608 349 1673 Sed
381 1608 423 1672 ad
448 1615 624 1692 sequentes
649 1628 765 1672 versus
803 1628 861 1669 nos
897 1614 1141 1684 convertamus,
1178 1609 1237 1691 qui
1272 1630 1348 1672 euin

176 1716 297 1798 integri
323 1716 390 1778 sint
412 1715 534 1790 traditi,
560 1736 626 1777 non
652 1714 697 1776 ita
723 1713 844 1776 multas
869 1712 1082 1776 difficultates
1107 1715 1276 1797 praebent.

287 1822 338 1885 ad
363 1843 499 1886 versum
524 1823 576 1884 138
615 1821 782 1885 Winterus
818 1823 883 1903 (pg.
913 1822 967 1900 46)
992 1819 1129 1883 adnotat
1159 1821 1258 1898 ,haud
1283 1824 1350 1886 scio

176 1951 221 1993 an
242 1929 352 2014 pedite
371 1929 722 2013 stupidusporcornm
738 1927 822 1990 lilias
838 1926 992 2010 appellet,
1010 1948 1094 2010 quas
1113 1927 1200 2011 ipses
1216 1951 1350 2014 quoqne

175 2036 368 2100 soluturum
377 2057 411 2099 se
425 2057 495 2099 esse
505 2036 697 2120 promittat,
710 2054 811 2118 quam
827 2034 1020 2117 opinionem
1037 2043 1209 2118 propterea
1229 2044 1349 2100 rectam

175 2165 248 2206 non
273 2163 343 2206 esse
368 2150 459 2227 pute,
485 2141 575 2226 quod
601 2143 633 2204 in
660 2162 758 2205 versu
783 2141 825 2204 40
851 2139 952 2203 verba
976 2152 1032 2206 καὶ
1057 2135 1159 2210 αὗται
1183 2142 1224 2205 ad
1252 2144 1351 2207 verba

176 2252 346 2337 χοιριδίων
379 2258 559 2337 θυγατέρες
595 2249 759 2332 pertinere
789 2246 968 2311 verisimile
1004 2254 1061 2311 est.
1121 2247 1250 2311 Deinde
1286 2251 1351 2313 iarn

177 2363 280 2420 antea
311 2355 465 2420 mulieres
490 2363 568 2418 sunt
592 2353 915 2430 commemorandae,
950 2352 982 2415 id
1008 2354 1096 2437 quod
1122 2355 1225 2418 verbo
1249 2359 1355 2436 αὐτας

178 2485 250 2527 non
275 2463 354 2526 satis
378 2462 487 2527 lucide
511 2483 707 2546 expressum
731 2482 802 2524 esse
826 2460 910 2523 mibi
935 2460 1075 2524 videtur.

192 2589 194 2592 ⁴
290 2571 342 2634 50.
368 2568 556 2632 Charitium
574 2568 732 2632 barbaros
750 2566 912 2630 redituros
930 2588 1000 2630 csse
1018 2589 1085 2631 non
1103 2570 1217 2645 nescit,
1242 2572 1355 2654 itaque

178 2676 292 2761 spatio
316 2675 523 2739 deliberandi
548 2674 634 2748 dato,
662 2682 697 2737 ut
723 2674 801 2737 vino
826 2674 1060 2757 opprimantur
1086 2676 1202 2739 suadet
1227 2685 1356 2761 etpost

178 2804 320 2846 versum
344 2785 386 2846 ὗό
411 2782 565 2866 stupidus
583 2781 635 2846 vel
659 2781 743 2844 elius
761 2779 901 2863 quidam
925 2781 1033 2844 socius
1058 2803 1074 2844 e
1098 2803 1216 2846 scaena
1235 2784 1380 2847 recedit

179 2891 256 2956 vini
288 2889 475 2953 arcessendi
500 2909 610 2965 causa,
647 2889 807 2972 quicum
843 2908 900 2949 rex
936 2909 1033 2951 versu
1058 2891 1100 2953 58
1125 2889 1216 2973 loqui
1242 2891 1358 2976 incipit

177 2999 254 3062 iarn
280 2996 422 3061 revertit.

294 3102 333 3165 In
369 3120 468 3168 versu
492 3104 534 3167 52
570 3102 715 3165 dubitari
752 3111 859 3188 potest
894 3110 1008 3166 utrum
1043 3103 1248 3186 significetur
1284 3125 1356 3168 eam

181 3209 360 3293 regionem
377 3209 495 3273 vinum
519 3231 586 3272 non
612 3210 707 3283 t'erre,
735 3210 766 3273 id
792 3210 881 3294 qnod
903 3210 1070 3273 Winterus
1093 3218 1188 3293 putat
1211 3214 1276 3295 (pg.
1295 3214 1357 3294 25).

181 3318 242 3402 (el.
269 3316 364 3381 Kock
389 3317 452 3400 frg.
478 3337 532 3400 pg.
551 3317 604 3398 35)
629 3337 670 3378 an
697 3317 855 3398 religione
878 3317 1020 3381 vetitum
1044 3318 1085 3381 sit
1102 3316 1220 3380 vinum
1238 3318 1358 3394 bibere,

182 3445 292 3510 quem
327 3444 464 3487 sensum
495 3444 555 3505 ego
589 3423 827 3486 Britannorum
852 3423 1085 3487 emendatione
1116 3423 1359 3508 (ἀπειθοῦντος)

183 3537 378 3597 corumotus
414 3539 532 3594 statuo
592 3529 699 3593 Crusii
735 3538 848 3593 antem
884 3530 1014 3618 ι’ίιιιιροι
1045 3526 1136 3609 ὄντες
1164 3533 1268 3595 teneri
1293 3554 1360 3595 non

183 3645 308 3725 potest,
334 3658 410 3700 cuna
436 3637 468 3699 in
495 3636 547 3700 his
572 3637 682 3700 verbis
707 3638 812 3700 littera
839 3646 874 3707 d,
901 3637 941 3700 de
966 3638 1061 3705 cuius
1079 3637 1218 3702 lectione
1236 3640 1361 3721 arnbigi

185 3766 260 3809 non
285 3751 402 3827 potest,
428 3765 496 3806 non
521 3752 636 3806 exstet.

300 3850 352 3912 Ad
391 3871 507 3914 versus
543 3852 585 3913 53
621 3858 653 3914 et
688 3854 731 3915 54
760 3853 909 3928 afferant,
947 3873 1033 3935 quae
1069 3852 1103 3914 in
1139 3852 1301 3915 Drusillae
1332 3861 1363 3915 et

185 3957 353 4021 Chariclis
378 3957 477 4020 rebus
501 3957 663 4038 legimus:

354 4080 369 4143 I
396 4083 457 4144 162
481 4080 516 4146 ιδ
540 4080 716 4171 βάρβαρον
740 4080 831 4163 φύσει
855 4084 918 4169 γάρ
942 4085 1085 4170 ἕνχαίριι
1109 4091 1244 4167 μέθαις,

484 4191 571 4273 pilai*
593 4191 628 4254 δὲ
652 4207 786 4277 τρυφαῖς
810 4190 1003 4255 ἐκδίδοσθαι
1029 4199 1085 4255 καὶ
1110 4188 1230 4266 πότοις,
1257 4239 1261 4246 -

191 4333 259 4376 nec
282 4312 363 4375 alios
388 4313 536 4396 ipsorum
562 4335 632 4375 osse
655 4313 815 4375 lndorinn
837 4336 945 4376 moros
971 4335 1030 4376 nos
1055 4313 1149 4376 docet
1175 4314 1366 4378 Athenaeus

190 4421 288 4482 4378
323 4418 421 4503 ἴδηαι
458 4422 496 4484 δι’
530 4421 770 4504 (Ἀλέξανδρος),
807 4435 885 4506 οηοί
918 4419 1062 4509 (Χάρης),
1099 4434 1154 4486 καὶ
1191 4424 1257 4487 did
1294 4424 1367 4507 τήν

191 4528 430 4610 φιλοινίαν
469 4531 553 4593 seir
591 4527 740 4592 Ἰνδῶν
778 4540 832 4594 καὶ
870 4530 1211 4615 α’κραιονιοσίας
1251 4522 1366 4611 οἶγοῖνα

1122 4615 1153 4668 2*
